@ARTICLE{GD2004,
 author    = {M. Gomez-Gesteira and R. A. Dalrymple},
 title     = {Using a Three-Dimensional Smoothed Particle Hydrodynamics Method for Wave Impact on a Tall Structure},
 journal   = {Journal of Waterway, Port, Coastal, and Ocean Engineering},
 year      = {2004},
 volume    = {130},
 number    = {2},
 pages     = {63--69},
 note      = {\url{http://dx.doi.org/10.1061/(ASCE)0733-950X(2004)130:2(63)}}
}

@BOOK{SC2006,
 author    = {T. B. Silvester and P. W. Cleary},
 title     = {Wave-structure interaction using smoothed particle hydrodynamics},
 publisher = {Fifth International Conference on CFD in the Process Industries, 13--15 December 2006},
 address   = {CSIRO, Melbourne, Australia},
 year      = {2006}, 
 note      = {\url{www.cfd.com.au/cfd_conf06/PDFs/026Sil.pdf}}
}

@ARTICLE{APY2009,
 author    = {H. Arnason and C. Petroff and H. Yeh},
 title     = {Tsunami bore impingement onto a vertical column},
 journal   = {Journal of Disaster Research},
 year      = {2009},
 volume    = {4},
 number    = {6},
 pages     = {391--403},
 note      = {\url{www.fujipress.jp}}
}

@ARTICLE{ECG2005,
 author    = {E. Erturk and T. C. Corke and C. Gokcol},
 title     = {Numerical solutions of 2-D steady incompressible driven cavity flow at high Reynolds numbers},
 journal   = {International Journal for Numerical Methods in Fluids},
 year      = {2005},
 volume    = {48},
 number    = {7},
 pages     = {747--774},
 note      = {\url{http://dx.doi.org/10.1002/fld.953}}
}
@ARTICLE{CCFNC2006,
 author    = {L. Cueto-Felgueroso and I. Colominas and J. Fe and F. Navarrina and M. Casteleiro},
 title     = {High-order finite volume schemes on unstructured grids using moving least-squares reconstruction. Application to shallow water dynamics},
 journal   = {International Journal for Numerical Methods in Engineering},
 year      = {2006},
 volume    = {65},
 number    = {3},
 pages     = {295--331},
 note      = {\url{http://dx.doi.org/10.1002/nme.1442}}
}






@ARTICLE{MBNS1997,
 author    = {I. MacDonald and M. J. Baines and N. K. Nichols and P. G. Samuels},
 title     = {Analytic benchmark solutions for open-channel flows},
 journal   = {Journal of Hydraulic Engineering},
 year      = {1997},
 volume    = {123},
 number    = {11},
 pages     = {1041--1045},
 note      = {\url{http://dx.doi.org/10.1061/(ASCE)0733-9429(1997)123:11(1041)}}
}

@ARTICLE{MBNS1995,
 author    = {I. MacDonald and M. J. Baines and N. K. Nichols and P. G. Samuels},
 title     = {Steady open channel test problems with analytic solutions},
 journal   = {Numerical Analysis Report 3/95, University of Reading},
 year      = {1995},
 note      = {\url{http://www.reading.ac.uk/web/FILES/maths/03-95.pdf}}
}

@ARTICLE{Delestre-etal2012,
 author    = {O. Delestre and C. Lucas and P.-A. Ksinant and F. Darboux and 
              C. Laguerre and T.-N. -Tuoi Vo and F. James and S. Cordier},
 title     = {SWASHES: a compilation of shallow water analytic solutions for hydraulic and environmental studies},
 journal   = {International Journal for Numerical Methods in Fluids},
 year      = {2012},
 volume    = {Early View},
 note      = {\url{http://dx.doi.org/10.1002/fld.3741}}
}



@ARTICLE{HK1968,
 author    = {D. D. Houghton and A. Kasahara},
 title     = {Nonlinear shallow fluid flow over an isolated ridge},
 journal   = {Communications on Pure and Applied Mathematics},
 year      = {1968},
 volume    = {21},
 number    = {1},
 pages     = {1--23},
 note      = {\url{http://dx.doi.org/10.1002/cpa.3160210103}}
}

@BOOK{GM1997,
 author    = {N. Goutal and F. Maurel},
 title     = {Technical Report HE-43/97/016/B: Proceedings of the 2nd Workshop on Dam-Break Wave Simulation},
 publisher = {Direction des \'etudes et recherches, Electricit\'e de France},
 address   = {Paris},
 year      = {1997}
}



@BOOK{ZTN2005,
 author    = {O. C. Zienkiewicz and R. L. Taylor and P. Nithiarasu},
 title     = {The Finite Element Method for Fluid Dynamics},
 publisher = {Elsevier Butterworth-Heinemann},
 address   = {Burlington},
 year      = {2005},
 edition   = {6th},
 note      = {\url{http://store.elsevier.com/The-Finite-Element-Method-for-Fluid-Dynamics/O_-C_-Zienkiewicz/isbn-9780750663229/}}
}


@BOOK{Strikwerda2004,
 author    = {J. C. Strikwerda},
 title     = {Finite Difference Schemes and Partial Differential Equations},
 publisher = {SIAM},
 address   = {Philadelphia},
 year      = {2004},
 edition   = {2nd},
 note      = {\url{http://dx.doi.org/10.1137/1.9780898717938}}
}



@BOOK{MM2005,
 author    = {K. W. Morton and D. F. Mayers},
 title     = {Numerical Solution of Partial Differential Equations},
 publisher = {Cambridge University Press},
 address   = {Cambridge},
 year      = {2005},
 edition   = {2nd},
 note      = {\url{http://www.cambridge.org/gb/knowledge/isbn/item1110027/?site_locale=en_GB}}
}

@BOOK{CF1948,
 author    = {R. Courant and K. O. Friedrichs},
 title     = {Supersonic Flow and Shock Waves},
 publisher = {Interscience Publishers},
 address   = {New York},
 year      = {1948},
 note      = {\url{http://www.springer.com/mathematics/analysis/book/978-0-387-90232-6}}
}
@BOOK{Knobel2000,
 author    = {R. Knobel},
 title     = {An Introduction to the Mathematical Theory of Waves},
 publisher = {American Mathematical Society},
 address   = {Providence},
 year      = {2000},
 note      = {\url{http://www.ams.org/bookpages/stml-3}}
}
@BOOK{Smoller1983,
 author    = {J. Smoller},
 title     = {Shock Waves and Reaction-Diffusion Equations},
 publisher = {Springer-Verlag},
 address   = {New York},
 year      = {1983},
 note      = {\url{http://www.springer.com/mathematics/analysis/book/978-0-387-94259-9}}
}


@BOOK{Jakeman2006,
 author    = {J. Jakeman},
 title     = {Honours thesis: On numerical solutions of the shallow water wave equations},
 publisher = {The Australian National University},
 address   = {Canberra},
 year      = {2006}
}

@BOOK{George2006,
 author    = {D. L. George},
 title     = {Ph.D. dissertation: Finite volume methods and adaptive refinement for tsunami propagation and inundation},
 publisher = {The University of Washington},
 address   = {Seattle},
 year      = {2006}
}
@BOOK{Mungkasi2008,
 author    = {S. Mungkasi},
 title     = {Masters thesis: Finite volume methods for the one-dimensional shallow water equations},
 publisher = {The Australian National University},
 address   = {Canberra},
 year      = {2008}
}
@BOOK{Stals1995,
 author    = {L. Stals},
 title     = {Ph.D. thesis: Parallel multigrid on unstructured grids using adaptive finite element methods},
 publisher = {The Australian National University},
 address   = {Canberra},
 year      = {1995}
}
@ARTICLE{PS2011CiCP,
 author    = {G. Puppo and M. Semplice},
 title     = {Numerical entropy and adaptivity for finite volume schemes},
 journal   = {Communications in Computational Physics},
 year      = {2011},
 volume    = {10},
 number    = {5},
 pages     = {1132--1160},
 note      = {\url{http://dx.doi.org/10.4208/cicp.250909.210111a}}
}



@ARTICLE{FK2011,
 author    = {J. Felcman and L. Kadrnka},
 title     = {Adaptive finite volume approximation of the shallow water equations},
 journal   = {Applied Mathematics and Computation},
 year      = {2012},
 volume    = {219},
 number    = {7}, 
 pages     = {3354--3366},
 note      = {\url{http://dx.doi.org/10.1016/j.amc.2011.04.042}}
}


@ARTICLE{PS2011PhysProc,
 author    = {G. Puppo and M. Semplice},
 title     = {Entropy and the numerical integration of conservation laws},
 journal   = {\emph{submitted to} Physics Procedia, Proceedings of the 2nd annual meeting of the Lebanese Society for Mathematical Sciences 2011},
 year      = {2011},
 note      = {\url{http://calvino.polito.it/~puppo/papers/lebanon.pdf}}
}

@ARTICLE{MR2011DA,
 author    = {S. Mungkasi and S. G. Roberts},
 title     = {A new analytical solution for testing debris avalanche numerical models},
 journal   = {ANZIAM Journal (E)},
 year      = {2011},
 volume    = {52},
 pages     = {C349--C363},
note     ={\url{http://journal.austms.org.au/ojs/index.php/ANZIAMJ/article/view/3785/1465}}
}

@ARTICLE{MR2011NEP,
 author    = {S. Mungkasi and S. G. Roberts},
 title     = {Numerical entropy production for shallow water flows},
 journal   = {ANZIAM Journal (E)},
 year      = {2011},
 volume    = {52},
 pages     = {C1--C17},
note      ={\url{http://journal.austms.org.au/ojs/index.php/ANZIAMJ/article/view/3786/1410}} 
}


@ARTICLE{MR2013NEP,
 author    = {S. Mungkasi and S. G. Roberts},
 title     = {Behaviour of the numerical entropy production of the one-and-a-half-dimensional shallow water equations},
 journal   = {ANZIAM Journal (E)},
 year      = {2013},
 pages     = {to appear},
note      ={\url{http://journal.austms.org.au/ojs/index.php/ANZIAMJ}} 
}





@ARTICLE{Golay2009,
author     = { F. Golay},
 title     = { Numerical entropy production and error indicator for compressible flows},
 journal   = {Comptes Rendus Mecanique}, 
 volume    = {337},
 number    = {4},
 pages     = {233--237}, 
 year      = {2009},
 note      = {\url{http://dx.doi.org/10.1016/j.crme.2009.04.004}}
 }

@ARTICLE{EGY2012,
author     = {M. Ersoy and F. Golay and L. Yushchenko},
 title     = {Adaptive multi-scale scheme based on numerical entropy production for conservation laws},
 journal   = {Central European Journal of Mathematics}, 
 year      = {2013}, 
 pages     = {to appear}, 
 note      = {\url{http://imath.univ-tln.fr/fichier/preprints/imath_20120328120101_83.pdf}}
 }


@ARTICLE{Lar1991,
author     = { B. Larrouturou},
 title     = { How to preserve the mass fractions positivity when computing compressible multi-component flows},
 journal   = {Journal of Computational Physics}, 
 volume    = {95},
 number    = {1},
 pages     = {59--84}, 
 year      = {1991},
 note      = {\url{http://dx.doi.org/10.1016/0021-9991(91)90253-H}}
 }


@ARTICLE{BNL2011,
author     = {A. Bollermann and S. Noelle and M. Lukacova-Medvidova},
 title     = { Finite volume evolution {G}alerkin methods for the shallow water equations with dry beds},
 journal   = {Communications in Computational Physics}, 
 volume    = {10},
 number    = {2},
 pages     = {371--404}, 
 year      = {2011},
 note      = {\url{http://dx.doi.org/10.4208/cicp.220210.020710a}}
 }


@ARTICLE{Puppo2002,
author     = { G. Puppo},
 title     = { Numerical entropy production on shocks and smooth transitions},
 journal   = {Journal of Scientific Computing}, 
 volume    = {17},
 number    = {1--4},
 pages     = {263--271}, 
 year      = {2002},
 note      = {\url{http://dx.doi.org/10.1023/A:1015117118157}}
 }



@ARTICLE{BV1994,
author     = { A. Bermudez and M. E. Vazquez},
 title     = { Upwind methods for hyperbolic conservation laws with source terms},
 journal   = { Computers \& Fluids}, 
 volume    = {23},
 number    = {8},
 pages     = {1049--1071}, 
 year      = {1994},
 note      = {\url{http://dx.doi.org/10.1016/0045-7930(94)90004-3}}
 }

@ARTICLE{Har1977,
author     = { A. Harten},
 title     = { The artificial compression method for computation of shocks and contact discontinuities. {I}.: {S}ingle conservation laws},
 journal   = {Communications on Pure and Applied Mathematics}, 
 volume    = {30},
 number    = {5},
 pages     = {611--638}, 
 year      = {1977},
 note      = {\url{http://dx.doi.org/10.1002/cpa.3160300506}}
 }


@ARTICLE{KL2012,
author     = { A. Kurganov and Y. Liu},
 title     = { New Adaptive Artificial Viscosity Method for Hyperbolic Systems of Conservation Laws},
 journal   = { Journal of Computational Physics}, 
 year      = { 2012},
 volume    = {231},
 number    = {24},
 pages     = {8114--8132}, 
 note      = {\url{http://dx.doi.org/10.1016/j.jcp.2012.07.040}}
 }


@ARTICLE{CKLL2012,
author     = { Y. Chen and A. Kurganov and M. Lei and Y. Liu},
 title     = { An Adaptive Artificial Viscosity Method for the {S}aint-{V}enant System},
 journal   = {Notes on Numerical Fluid Mechanics and Multidisciplinary Design}, 
 volume    = {120},
 year      = {2012},
 pages     = {125--141},
 note      = {\url{http://dx.doi.org/10.1007/978-3-642-33221-0_8}}
 }


@ARTICLE{CZ2010,
author     = { L. Chen and C.-S. Zhang},
 title     = { A coarsening algorithm on adaptive grids by newest vertex bisection and its applications},
 journal   = {Journal of Computational Mathematics}, 
 volume    = {28},
 number    = {6},
 pages     = {767--789}, 
 year      = {2010},
 note      = {\url{http://dx.doi.org/10.4208/jcm.1004-m3172}}
 }




@BOOK{Chen2008,
 author    = {L. Chen},
 title     = {$i${FEM}: An innovative finite element methods package in {MATLAB}},
 publisher = {Technical report, University of California}, 
 address   = {Irvine},
 year      = {2008},
 note      = {\url{http://math.uci.edu/~chenlong/Papers/iFEMpaper.pdf}}
}

@ARTICLE{Puppo2003,
author     = { G. Puppo},
 title     = { Numerical entropy production for central schemes},
 journal   = {SIAM Journal on Scientific Computing}, 
 volume    = {25},
 number    = {4},
 pages     = {1382--1415}, 
 year      = {2003},
 note      = {\url{http://dx.doi.org/10.1137/S1064827502386712}}
 }

@ARTICLE{Tadmor2003,
author     = {E. Tadmor},
 title     = {Entropy stability theory for difference approximations of nonlinear conservation laws and related time-dependent problems},
 journal   = {Acta Numerica}, 
 volume    = {12},
 pages     = {451--512}, 
 year      = {2003},
 note      = {\url{http://dx.doi.org/10.1017/S0962492902000156}}
 }

@ARTICLE{MR2012CG,
 author    = {S. Mungkasi and S. G. Roberts},
 title     = {Approximations of the {C}arrier--{G}reenspan periodic solution to the shallow water wave equations for flows on a sloping beach},
 journal   = {International Journal for Numerical Methods in Fluids},
 year      = {2012},
 volume    = {69},
 number    = {4},
pages      = {763--780},
note       = {\url{http://dx.doi.org/10.1002/fld.2607}}
}

@ARTICLE{MR2012PAAG,
 author    = {S. Mungkasi and S. G. Roberts},
 title     = {Analytical solutions involving shock waves for testing debris avalanche numerical models},
 journal   = {Pure and Applied Geophysics},
 year      = {2012},
  volume    = {169},
 number    = {10},
pages      = {1847--1858},
note      = {\url{http://dx.doi.org/10.1007/s00024-011-0449-1}}
}

@ARTICLE{MR2011IEEE,
 author    = {S. Mungkasi and S. G. Roberts},
 title     = { A finite volume method for shallow water flows on triangular computational grids},
 journal   = { Proceedings of IEEE International Conference on Advanced Computer Science and Information System (ICACSIS) 2011},
 pages      = {79--84},
 note     = {\url{http://ieeexplore.ieee.org/xpl/freeabs_all.jsp?arnumber=6140781}} 
}

@ARTICLE{MR2012JIKI,
 author    = {S. Mungkasi and S. G. Roberts},
 title     = {{ANUGA} software for numerical simulations of shallow water flows},
 journal   = {Journal of Computer Science and Information},
 year      = {2012},
 volume    = {5},
 number    = {1},
 note      = {\url{http://jiki.cs.ui.ac.id/index.php/jiki/article/view/180/100}},
 pages      = {1--8}
}
@ARTICLE{MR2010,
 author    = {S. Mungkasi and S. G. Roberts},
 title     = {On the best quantity reconstructions for a well balanced finite volume method used to solve the shallow water wave equations with a wet/dry interface},
 journal   = {ANZIAM Journal (E)},
 year      = {2010},
 volume    = {51},
 pages     = {C48--C65},
 note     ={\url{http://journal.austms.org.au/ojs/index.php/ANZIAMJ/article/view/2576/1289}} 
}

@ARTICLE{RW2011,
 author    = {S. G. Roberts and P. Wilson},
 title     = {A well balanced scheme for the shallow water wave equations in open channels with (discontinuous) varying width and bed},
 journal   = {ANZIAM Journal (E)},
 year      = {2011},
 volume    = {52},
 pages     = {C967--C987},
 note     ={\url{http://journal.austms.org.au/ojs/index.php/ANZIAMJ/article/view/3948/1542}} 
}

@BOOK{George2006,
 author    = {D. L. George},
 title     = {PhD dissertation: Finite volume methods and adaptive refinement for tsunami propagation and inundation},
 publisher = {University of Washington},
 address   = {Seattle},
 year      = {2006}
}
@BOOK{Stoker1957,
 author    = {J. J. Stoker},
 title     = {Water Waves: The Mathematical Theory with Application},
 publisher = {Interscience Publishers},
 address   = {New York},
 year      = {1957},
 note      = {\url{http://onlinelibrary.wiley.com/book/10.1002/9781118033159}}
}
@BOOK{Hirsch1988v1,
 author    = {C. Hirsch},
 title     = {Numerical Computation of Internal and External Flows. Vol.~1: Fundamentals of Numerical Discretization},
 publisher = {John Wiley \& Sons},
 address   = {New York},
 year      = {1988}
}
@BOOK{Hirsch1988v2,
 author    = {C. Hirsch},
 title     = {Numerical Computation of Internal and External Flows. Vol.~2: Computational Methods for Inviscid and Viscous Flows},
 publisher = {John Wiley \& Sons},
 address   = {New York},
 year      = {1988}
}
@BOOK{LL1987,
 author    = {L. D. Landau and E. M. Lifshitz},
 title     = {Fluid Mechanics},
 publisher = {Pergamon Press},
 address   = {Oxford},
 year      = {1987},
 edition   = {2nd}
}
@BOOK{PW2002,
 author    = {M. C. Potter and D. C. Wiggert},
 title     = {Mechanics of Fluids},
 publisher = {Brooks/Cole},
 address   = {Pacific Grove},
 year      = {2002},
 edition	 = {3rd}
}
@BOOK{Strauss1992,
 author    = {W. A. Strauss},
 title     = {Partial Differential Equations: An Introduction},
 publisher = {John Wiley \& Sons},
 address   = {New York},
 year      = {1992}
}
@BOOK{LeVeque2002,
 author    = {R. J. LeVeque},
 title     = {Finite-Volume Methods for Hyperbolic Problems},
 publisher = {Cambridge University Press},
 address   = {Cambridge},
 year      = {2002},
 note      = {\url{http://dx.doi.org/10.1017/CBO9780511791253}}
}
@BOOK{Bouchut2004,
 author    = {F. Bouchut},
 title     = {Nonlinear Stability of Finite Volume Methods for Hyperbolic Conservation Laws},
 publisher = {Birkh\"auser Verlag},
 address   = {Basel},
 year      = {2004},
 note      = {\url{http://www.springer.com/birkhauser/mathematics/book/978-3-7643-6665-0}}
}
@BOOK{Whitham1999,
 author    = {G. B. Whitham},
 title     = {Linear and Nonlinear Waves},
 publisher = {John Wiley \& Sons},
 address   = {New York},
 year      = {1999}
}
@BOOK{GDN1998,
 author    = {M. Griebel and T. Dornseifer and T. Neunhoeffer},
 title     = {Numerical Simulation in Fluid Dynamics: A Practical Introduction},
 publisher = {SIAM},
 address   = {Philadelphia},
 year      = {1998}
}
@BOOK{LPZ2001,
 author    = {H. Lomax and T. H. Pulliam and D. W. Zingg},
 title     = {Fundamentals of Computational Fluid Dynamics},
 publisher = {Springer},
 address   = {Berlin},
 year      = {2001}
}
@BOOK{Twizell1984,
 author    = {E. H. Twizell},
 title     = {Computational Methods for Partial Differential Equations},
 publisher = {Ellis Horwood},
 address   = {Chichester},
 year      = {1984}
}
@BOOK{Shen1993,
 author    = {S. S. Shen},
 title     = {A Course on Nonlinear Waves},
 publisher = {Kluwer Academic Publishers},
 address   = {Dordrecht},
 year      = {1993}
}
@BOOK{Liggett1994,
 author    = {J. A. Liggett},
 title     = {Fluid Mechanics},
 publisher = {McGraw Hill},
 address   = {New York},
 year      = {1994}
}
@BOOK{OO2004,
 author    = {H. Ockendon and J. R. Ockendon},
 title     = {Waves and Compressible Flow},
 publisher = {Springer-Verlag},
 address   = {New York},
 year      = {2004}
}
@BOOK{OF2003,
 author    = {S. Osher and R. Fedkiw},
 title     = {Level Set Methods and Dynamic Implicit Surfaces},
 publisher = {Springer-Verlag},
 address   = {New York},
 year      = {2003}
}
@BOOK{Kambe2004,
 author    = {T. Kambe},
 title     = {Geometrical Theory of Dynamical Systems and Fluid Flows},
 publisher = {World Scientific Publishing},
 address   = {Singapore},
 year      = {2004}
}
@BOOK{Lions1996,
 author    = {P. L. Lions},
 title     = {Mathematical Topics in Fluid Mechanics},
 publisher = {Oxford University Press},
 address   = {New York},
 year      = {1996}
}
@BOOK{Tan1992,
 author    = {W. Tan},
 title     = {Shallow Water Hydrodynamics: Mathematical Theory and Numerical Solution for a Two-Dimensional System of Shallow Water Equations},
 publisher = {Elsevier Science Publishers},
 address   = {Amsterdam},
 year      = {1992},
 note      = {\url{http://www.sciencedirect.com/science/bookseries/04229894/55}}
}
@BOOK{LeVeque1992,
 author    = {R. J. LeVeque},
 title     = {Numerical Methods for Conservation Laws},
 publisher = {Birkh\"auser Verlag},
 year      = {1992},
 edition   = {2nd},
 address   = {Basel},
 note      = {\url{http://www.springer.com/birkhauser/mathematics/book/978-3-7643-2723-1}}
}
@BOOK{Emanuel2001,
 author    = {G. Emanuel},
 title     = {Analytical Fluid Dynamics},
 publisher = {CRC Press LLC},
 year      = {2001},
 edition   = {2nd},
 address   = {Boca Raton}
}
@BOOK{Blazek2001,
 author    = {J. Blazek},
 title     = {Computational Fluid Dynamics: Principles and Applications},
 publisher = {Elsevier Science},
 year      = {2001},
 edition   = {1st},
 address   = {Oxford}
}
@BOOK{Date2005,
 author    = {A. W. Date},
 title     = {Introduction to Computational Fluid Dynamics},
 publisher = {Cambridge University Press},
 year      = {2005},
 edition   = {1st},
 address   = {Cambridge}
}
@ARTICLE{BVG2002,
 author    = {P. Brufau and M. E. V\'azquez-Cend\'on and P. Garc\'ia-Navarro},
 title     = {A numerical model for the flooding and drying of irregular domains},
 journal   = {International Journal for Numerical Methods in Fluids},
 volume    = {39},
 number    = {3},
 year      = {2002},
 pages     = {247--275},
 note      = {\url{http://dx.doi.org/10.1002/fld.285}}
}
@ARTICLE{Dressler1958,
 author    = {R. F. Dressler},
 title     = {Unsteady non-linear waves in sloping channels},
 journal   = {Proceedings of the Royal Society of London. Series A, Mathematical and Physical Sciences},
 volume    = {247},
 number    = {1249},
 year      = {1958},
 pages     = {186--198},
 note      = {\url{http://dx.doi.org/10.1098/rspa.1958.0177}}
}
@ARTICLE{FF2006,
 author    = {R. Fernandez-Feria},
 title     = {Dam-break flow for arbitrary slopes of the bottom},
 journal   = {Journal of Engineering Mathematics},
 volume    = {54},
 number    = {4},
 year      = {2006},
 pages     = {319--331}
}
@ARTICLE{GPC2007,
 author    = {J. M. Gallardo and C. Par\'es and M. Castro},
 title     = {On a well-balanced high-order finite volume scheme for shallow water equations with topography and dry areas},
 journal   = {Journal of Computational Physics},
 volume    = {227},
 number    = {1},
 year      = {2007},
 pages     = {574--601},
 note      = {\url{http://dx.doi.org/10.1016/j.jcp.2007.08.007}}
}
@ARTICLE{MHR2000,
 author    = {A. Mangeney and P. Heinrich and R. Roche},
 title     = {Analytical solution for testing debris avalanche numerical models},
 journal   = {Pure and Applied Geophysics},
 volume    = {157},
 number    = {6--8},
 year      = {2000},
 pages     = {1081--1096},
 note      = {\url{http://dx.doi.org/10.1007/s000240050018}}
}


@ARTICLE{NVC1997,
 author    = {M. Naaim and S. Vial and R. Couture},
 title     = {{S}aint {V}enant approach for rock avalanches modelling},
 journal   = {Proceedings of the Saint Venant Symposium: Multiple scale analyses and coupled physical systems,
              \emph{Presses de l'\'Ecole Nationale des Ponts et Chauss\'ees, Paris}}, 
 year      = {1997},
 pages     = {61--69}
}
@ARTICLE{DKL2004,
 author    = {J. C. Dietrich and R. L. Kolar and R. A. Luettich},
 title     = {Assessment of {ADCIRC}'s wetting and drying algorithm},
 journal   = {In C.~T. Miller et al. (editors), Proceedings of the 15th International Conference on Computational Methods in Water Resources (CMWR XV) 13--17 June 2004},
 volume    = {2},
 address   = {Chapel Hill}, 
 year      = {2004},
 pages     = {1767--1778},
 note      = {\url{http://www.caseydietrich.com/Publications/CMWR2004.pdf}}
}
@ARTICLE{SL1988,
 author    = {G. L. D. Sid\'en and D. R. Lynch},
 title     = {Wave equation hydrodynamics on deforming elements},
 journal   = {International Journal for Numerical Methods in Fluids},
 volume    = {8},
 number    = {9},
 year      = {1988},
 pages     = {1071--1093},
 note      = {\url{http://dx.doi.org/10.1002/fld.1650080908}}
}
@ARTICLE{Johns1982,
 author    = {B. Johns},
 title     = {Numerical integration of the shallow water equations over a sloping shelf},
 journal   = {International Journal for Numerical Methods in Fluids},
 volume    = {2},
 number    = {3},
 year      = {1982},
 pages     = {253--261},
 note      = {\url{http://dx.doi.org/10.1002/fld.1650020304}}
}
@ARTICLE{Harten1983,
 author    = {A. Harten},
 title     = {High resolution schemes for hyperbolic conservation laws},
 journal   = {Journal of Computational Physics, \text{49(3):357--393, 1983,
reprinted 135(2):260--278, 1997}.}
}
@ARTICLE{KKP2002,
 author    = {S. Karni and A. Kurganov and G. Petrova},
 title     = {A smoothness indicator for adaptive algorithms for hyperbolic systems},
 journal   = {Journal of Computational Physics},
 volume    = {178},
 number    = {2},
 year      = {2002},
 pages     = {323--341},
 note      = {\url{http://dx.doi.org/10.1006/jcph.2002.7024}}
}
@ARTICLE{KK2005,
 author    = {S. Karni and A. Kurganov},
 title     = {Local error analysis for approximate solutions of hyperbolic conservation laws},
 journal   = {Advances in Computational Mathematics},
 volume    = {22},
 number    = {1},
 year      = {2005},
 pages     = {79--99},
 note      = {\url{http://dx.doi.org/10.1007/s10444-005-7099-8}}
}



@ARTICLE{WPT1992,
 author    = {G. Watson and D. H. Peregrine and E. F. Toro},
 title     = {Numerical solution of the shallow-water equations on a beach using the weighted average flux method},
 journal   = {Computational Fluid Dynamics~'92, Proceedings of the First European Computational Fluid Dynamics Conference, Brussels, 7--11 September 1992},
 volume    = {1},
 year      = {1992},
 pages     = {495--502}
}
@ARTICLE{Chanson2006,
 author    = {H. Chanson},
 title     = {Analytical solutions of laminar and turbulent dam break wave},
 journal   = {River Flow},
 year      = {2006},
 pages     = {465--474}
}
@ARTICLE{Chanson2005a,
 author    = {H. Chanson},
 title     = {Applications of the {S}aint-{V}enant Equations and Method of Characteristics to the Dam Break Wave Problem},
 journal   = {Report No. CH55/05, Dept. of Civil Engineering, The University of Queensland, Brisbane, Australia},
 year      = {2005}
}
@ARTICLE{CVS2004,
 author    = {N. Crnjaric-Zic and S. Vukovic and L. Sopta},
 title     = {Balanced finite volume {WENO} and central {WENO} schemes for the shallow water and the open-channel flow equations},
 journal   = {Journal of Computational Physics},
 year      = {2004},
 volume    = {200},
 pages     = {512--548}
}
@ARTICLE{WC2008,
 author    = {Y. Wu and K. F. Cheung},
 title     = {Explicit solution to the exact {R}iemann problem and application in nonlinear shallow-water equations},
 journal   = {International Journal for Numerical Methods in Fluids},
 year      = {2008},
 volume    = {57},
 pages     = {1649--1668}
}
@ARTICLE{ZR1999,
 author    = {C. Zoppou and S. Roberts},
 title     = {Catastrophic Collapse of Water Supply Reservoirs in Urban Areas},
 journal   = {Journal of Hydraulic Engineering},
 year      = {1999},
 volume    = {125},
 number    = {7},
 pages     = {686--695}
}
@BOOK{ZR1998,
 author    = {C. Zoppou and S. Roberts},
 title     = {Research Report: Numerical Solution of the Two-Dimensional Unsteady Dam Break},
 publisher = {The Australian National University},
 address   = {Canberra},
 year      = {1998}
}
@ARTICLE{RZ2000,
 author    = {S. Roberts and C. Zoppou},
 title     = {Robust and effcient solution of the 2{D} shallow water equation with domains containing dry beds},
 journal   = {ANZIAM Journal (E)},
 year      = {2000},
 volume    = {42},
 pages     = {C1260--C1282},
 note      = {\url{http://journal.austms.org.au/ojs/index.php/ANZIAMJ/article/view/645/513}}
}
@ARTICLE{ZR2003,
 author    = {S. Geiger and S. Roberts and S. K. Matth\"ai and C. Zoppou},
 title     = {Combining finite volume and finite element methods to simulate fluid flow in geologic media},
 journal   = {ANZIAM Journal (E)},
 year      = {2003},
 volume    = {44},
 pages     = {C180--C201},
 note      = {\url{http://journal.austms.org.au/ojs/index.php/ANZIAMJ/article/view/678/557}}
}
@ARTICLE{ZR2007,
 author    = {S. G. Roberts and L. Stals and O. M. Nielsen},
 title     = {Parallelisation of a finite volume method for hydrodynamic inundation modelling},
 journal   = {ANZIAM Journal (E)},
 year      = {2007},
 volume    = {48},
 pages     = {C558--C572}
}
@ARTICLE{BD2009,
 author    = {R. Briganti and N. Dodd},
 title     = {Shoreline motion in nonlinear shallow water coastal models},
 journal   = {Coastal Engineering},
 year      = {2009},
 volume    = {56},
 number    = {5--6},
 pages     = {495--505},
 note      = {\url{http://dx.doi.org/10.1016/j.coastaleng.2008.10.008}}
}
@ARTICLE{CG1958,
 author    = {G. F. Carrier and H. P. Greenspan },
 title     = {Water waves of finite amplitude on a sloping beach},
 journal   = {Journal of Fluid Mechanics},
 year      = {1958},
 volume    = {4},
 number    = {1},
 pages     = {97--109},
 note      = {\url{http://dx.doi.org/10.1017/S0022112058000331}}
}
@ARTICLE{CGY2003,
 author    = {G. F. Carrier and T. T. Wu and H. Yeh },
 title     = {Tsunami run-up and draw-down on a plane beach},
 journal   = {Journal of Fluid Mechanics},
 year      = {2003},
 volume    = {475},
 pages     = {79--99},
 note      = {\url{http://dx.doi.org/10.1017/S0022112002002653}} 
}
@ARTICLE{BB2001,
 author    = {G. Bellotti and M. Brocchini},
 title     = {On the shoreline boundary conditions for {B}oussinesq-type models},
 journal   = {International Journal for Numerical Methods in Fluids},
 year      = {2001},
 volume    = {37},
 number    = {4},
 pages     = {479--500},
 note      = {\url{http://dx.doi.org/10.1002/fld.194}}
}
@ARTICLE{BSPB2002,
 author    = {M. Brocchini and I. A. Svendsen and R. S. Prasad and G. Bellotti},
 title     = {A comparison of two different types of shoreline boundary conditions},
 journal   = {Computer Methods in Applied Mechanics and Engineering},
 year      = {2002},
 volume    = {191},
 number    = {39--40},
 pages     = {4475--4496},
 note      = {\url{http://dx.doi.org/10.1016/S0045-7825(02)00392-4}}
}
@ARTICLE{KR1999,
 author    = {R. A. Klausen and N. H. Risebro},
 title     = {Stability of Conservation Laws with Discontinuous Coefficients},
 journal   = {Journal of Differential Equations},
 year      = {1999},
 volume    = {157},
 pages     = {41--60}
}
@ARTICLE{VTT2006,
 author    = {G. Vignoli and E.F. Toro and V. Titarev},
 title     = {{ADER} Schemes for the Shallow Water Equations in Channel with Irregular Bottom Elevation},
 journal   = {European Conference on Computational Fluid Dynamics},
 year      = {2006},
 volume    = {TU Delft, The Netherlands}
}
@ARTICLE{SHS2002,
 author    = {J. Shi and C. Hu and C.-W. Shu},
 title     = {A Technique of Treating Negative Weights in {WENO} Schemes},
 journal   = {Journal of Computational Physics},
 year      = {2002},
 volume    = {175},
 pages     = {108--127}
}
@ARTICLE{GPC2007,
 author    = {J. M. Gallardo and C. Pares and M. Castro},
 title     = {On a well-balanced high-order finite volume scheme for shallow water equations with topography and dry areas},
 journal   = {Journal of Computational Physics},
 year      = {2007},
 volume    = {227},
 pages     = {574--601},
 note      = {\url{http://dx.doi.org/10.1016/j.jcp.2007.08.007}}
}
@ARTICLE{LeVeque1998,
 author    = {R. J. LeVeque},
 title     = {Balancing Source Terms and Flux Gradients in High-Resolution {G}odunov Methods: The Quasi-Steady Wave-Propagation Algorithm},
 journal   = {Journal of Computational Physics},
 year      = {1998},
 volume    = {146},
 pages     = {346--365}
}
@ARTICLE{XS2006,
 author    = {Y. Xing and C.-W. Shu},
 title     = {High order well-balanced finite volume {WENO} schemes and discontinuous {G}alerkin methods for a class of hyperbolic systems with source terms},
 journal   = {Journal of Computational Physics},
 year      = {2006},
 volume    = {214},
 pages     = {567--598}
}
@ARTICLE{VS2002,
 author    = {S. Vukovic and L. Sopta},
 title     = {{ENO} and {WENO} Schemes with the Exact Conservation Property for One-Dimensional Shallow Water Equations},
 journal   = {Journal of Computational Physics},
 year      = {2002},
 volume    = {179},
 pages     = {593--621}
}
@ARTICLE{AIRD2008,
 author    = {C. Ancey and R. M. Iverson and M. Rentschler and R. P. Denlinger},
 title     = {An exact solution for ideal dam-break floods on steep slopes},
 journal   = {Water Resources Research},
 year      = {2008},
 volume    = {44},
 number    = {W01430},
 pages     = {1--10},
 note      = {\url{http://dx.doi.org/10.1029/2007WR006353}}
}
@ARTICLE{BKLL2004,
 author    = {N. Botta and R. Klein and S. Langenberg and S. Lutzenkirchen},
 title     = {Well balanced finite volume methods for nearly hydrostatic flows},
 journal   = {Journal of Computational Physics},
 year      = {2004},
 volume    = {196},
 pages     = {539--565}
}
@ARTICLE{CVB2006,
 author    = {V. Caleffi and A. Valiani and A. Bernini},
 title     = {Fourth-order balanced source term treatment in central {WENO} schemes for shallow water equations},
 journal   = {Journal of Computational Physics},
 year      = {2006},
 volume    = {218},
 pages     = {228--245}
}
@ARTICLE{CT2008,
 author    = {C.E. Castro and E.F. Toro},
 title     = {Solvers for the high-order {R}iemann problem for hyperbolic balance laws},
 journal   = {Journal of Computational Physics},
 year      = {2008},
 volume    = {227},
 pages     = {2481--2513}
}
@ARTICLE{George2008,
 author    = {D. L. George},
 title     = {Augmented {R}iemann solvers for the shallow water equations over variable topography with steady states and inundation},
 journal   = {Journal of Computational Physics},
 year      = {2008},
 volume    = {227},
 pages     = {3089--3113}
}
@ARTICLE{GL1996,
 author    = {J. M. Greenberg and A. Y. Leroux},
 title     = {A Well-Balanced Scheme for the Numerical Processing of Source Terms in Hyperbolic Equations},
 journal   = {SIAM Jounal on Numerical Analysis},
 year      = {1996},
 volume    = {33},
 number    = {1},
 pages     = {1--16}
}
@ARTICLE{Klingenberg2001,
 author    = {C. Klingenberg},
 title     = {Stability of a Resonant System of Conservation Laws Modeling Polymer Flow with Gravitation},
 journal   = {Journal of Differential Equations},
 year      = {2001},
 volume    = {170},
 pages     = {344--380}
}
@ARTICLE{LWL2007,
 author    = {C. B. Liao and M. S. Wu and S. J. Liang},
 title     = {Numerical simulation of a dam break for an actual river terrain environment},
 journal   = {Hydrological Process},
 year      = {2007},
 volume    = {21},
 pages     = {447--460}
}
@ARTICLE{PW2001,
 author    = {D. H. Peregrine and S. M. Williams},
 title     = {Swash overtopping a truncated plane beach},
 journal   = {Journal of Fluid Mechanics},
 year      = {2001},
 volume    = {440},
 pages     = {391--399}
}
@ARTICLE{Xu2002,
 author    = {K. Xu},
 title     = {A Well-Balanced Gas-Kinetic Scheme for the Shallow-Water Equations with Source Terms},
 journal   = {Journal of Computational Physics},
 year      = {2002},
 volume    = {178},
 pages     = {533--562}
}
@ARTICLE{SO1988,
 author    = {S.-W. Shu and S. Osher},
 title     = {Efficient Implementation of Essentially Non-oscillatory Shock-Capturing Schemes},
 journal   = {Journal of Computational Physics},
 year      = {1988},
 volume    = {77},
 pages     = {439--471}
}
@ARTICLE{SR2002,
 author    = {R. J. Spiteri and S. J. Ruuth},
 title     = {A New Class of Optimal High-Order Strong-Stability-Preserving Time Discretization Methods},
 journal   = {SIAM Journal on Numerical Analysis},
 year      = {2002},
 volume    = {40},
 pages     = {469--491}
}
@ARTICLE{Bouchut2005,
 author    = {F. Bouchut},
 title     = {An Introduction to Finite Volume Methods for Hyperbolic Conservation Laws},
 journal   = {ESAIM: Proceedings},
 year      = {2005},
 volume    = {1},
 pages     = {1--17}
}
@ARTICLE{BW2004,
 author    = {F. Bouchut and M. Westdickenberg},
 title     = {Gravity Driven Shallow Water Models for Arbitrary Topography},
 journal   = {Communications in Mathematical Sciences},
 year      = {2004},
 volume    = {2},
 number    = {3},
 pages     = {359--389},
 note      = {\url{http://projecteuclid.org/euclid.cms/1109868726}}
}
@ARTICLE{Curro1989,
 author    = {C. Curro},
 title     = {Some New Exact Solutions to the Nonlinear Shallow-Water Wave Equations via Group Analysis},
 journal   = {Meccanica},
 year      = {1989},
 volume    = {24},
 pages     = {26--35}
}
@ARTICLE{DS2005,
 author    = {P. J. Dellar and R. Salmon},
 title     = {Shallow water equations with a complete {C}oriolis force and topography},
 journal   = {Physics of Fluids},
 year      = {2005},
 volume    = {17},
 number    = {10},
 pages     = {1--19}
}
@ARTICLE{Easwaran2004,
 author    = {C. V. Easwaran},
 title     = {Asymtotic Theory for Weakly Non-Linear Wave Equations in Semi-Infinite Domains},
 journal   = {Electronic Journal of Differential Equations},
 year      = {2004},
 volume    = {2004},
 number    = {7},
 pages     = {1--8}
}
@ARTICLE{GG2003,
 author    = {S. Gottlieb and L.-A. J. Gottlieb},
 title     = {Strong Stability Preserving Properties of {R}unge--{K}utta Time Discretization Methods for Linear Constant Coefficient Operators},
 journal   = {Journal of Scientific Computing},
 number    = {1},
 year      = {2003},
 volume    = {18},
 pages     = {83--109}
}

@ARTICLE{LW1960,
 author    = {P. Lax and B. Wendroff},
 title     = {Systems of Conservation Laws},
 journal   = {Communications on Pure and Applied Mathematics},
 year      = {1960},
 volume    = {XIII},
 pages     = {217--237}
}
@ARTICLE{KA1998,
 author    = {E. V. Krishnan and M. Al-Lawatia},
 title     = {On Weakly Nonlinear Shallow Water Wave Equations},
 journal   = {Differential Equations and Control Processes, Electronic Journal},
 year      = {1998},
 number    = {3},
 pages     = {18--32}
}
@ARTICLE{KL2000,
 author    = {A. Kurganov and D. Levy},
 title     = {A Third-Order Semi-Discrete Central Scheme for Conservation Laws and Convection-Diffusion Equations},
 journal   = {SIAM Journal on Scientific Computing},
 year      = {2000},
 volume    = {22},
 pages     = {1461--1488}
}
@ARTICLE{Naidoo2007,
 author    = {R. Naidoo},
 title     = {Modelling Shocks and Solitons with a Modified Third Order High Resolution Semi-Discrete Scheme for Soliton and Shock Wave Simulations},
 journal   = {Applied Mathematical Sciences},
 year      = {2007},
 number    = {38},
 volume    = {1},
 pages     = {1891--1901}
}
@ARTICLE{VR1950,
 author    = {J. VonNeumann and R. D. Richtmyer},
 title     = {A Method for the Numerical Calculation of Hydrodynamic Shocks},
 journal   = {Journal of Applied Physics},
 year      = {1950},
 volume    = {21},
 pages     = {232--237}
}
@BOOK{OT2002,
 author    = {W. L. Oberkampf and T. G. Trucano},
 title     = {Verification and Validation in Computational Fluid Dynamics},
 publisher = {Sandia National Laboratories},
 year      = {2002},
 address   = {Albuquerque}
}
@ARTICLE{Shinbrot1970,
 author    = {M. Shinbrot},
 title     = {The Shallow Water Equations},
 journal   = {Journal of Engineering Mathematics},
 year      = {1970},
 volume    = {4},
 pages     = {293--304},
 number    = {4}
}
@ARTICLE{KNP2001,
 author    = {A. Kurganov and S. Noelle and G. Petrova},
 title     = {Semidiscrete central-upwind schemes for hyperbolic conservation laws and {H}amilton-{J}acobi equations},
 journal   = {SIAM Journal on Scientific Computing},
 year      = {2001},
 volume    = {23},
 number    = {3},
 pages     = {707--740},
 note      = {\url{http://dx.doi.org/10.1137/S1064827500373413}}
}
@ARTICLE{Shu2003,
 author    = {C. Shu},
 title     = {High-order finite difference and finite volume {WENO} schemes and discontinuous {G}alerkin methods for {CFD}},
 journal   = {International Journal of Computational Fluid Dynamics},
 year      = {2003},
 volume    = {17},
 number    = {2},
 pages     = {107--118}
}
@ARTICLE{KL2002,
 author    = {A. Kurganov and D. Levy},
 title     = {Central-upwind schemes for the {S}aint-{V}enant system},
 journal   = {ESAIM: M2AN},
 year      = {2002},
 volume    = {36},
 number    = {3},
 pages     = {397--425},
 note      = {\url{http://dx.doi.org/10.1051/m2an:2002019}}
}
@ARTICLE{Strang1968,
 author    = {G. Strang},
 title     = {On the construction and comparison of difference schemes},
 journal   = {SIAM Journal on Numerical Analysis},
 year      = {1968},
 volume    = {5},
 pages     = {507--517}
}
@ARTICLE{NPPN2006,
 author    = {S. Noelle and N. Pankratz and G. Puppo and J. R. Natvig},
 title     = {Well-balanced finite volume schemes of arbitrary order of accuracy for shallow water flows},
 journal   = {Journal of Computational Physics},
 year      = {2006},
 volume    = {213},
 number    = {2},
 pages     = {474--499},
 note      = {\url{http://dx.doi.org/10.1016/j.jcp.2005.08.019}}
}
@ARTICLE{Bouchut2007,
 author    = {F. Bouchut},
 title     = {Efficient numerical finite volume schemes for shallow water models},
 journal   = {In V. Zeitlin (editor), Nonlinear dynamics of rotating shallow water: methods and advances.  
 Edited series on advances in nonlinear science and complexity},
 year      = {2007},
 volume    = {2},
 pages     = {189--256},
 publisher = {Elsevier},
 note      = {\url{http://dx.doi.org/10.1016/S1574-6909(06)02004-1}}
}
@ARTICLE{CK2006,
 author    = {L. A. Constantin and A. Kurganov},
 title     = {Adaptive central-upwind schemes for hyperbolic systems of conservation laws},
 journal   = {In F. Asakura et al. (editors), Hyperbolic problems: Theory, numerics, and applications.  
 Proceedings of the 10th international conference, Osaka, Japan, 13--17 September 2004, Yokohama Publishers, Yokohama, 2006},
 volume    = {1},
 pages     = {95--103},
 note      = {\url{http://129.81.170.14/~kurganov/Constantin-Kurganov.pdf}}
}
@ARTICLE{NXS2007,
 author    = {S. Noelle and Y. Xing and C. W. Shu},
 title     = {High-order well-balanced finite volume {WENO} schemes for shallow water equation with moving water},
 journal   = {Journal of Computational Physics},
 year      = {2007},
 volume    = {226},
 pages     = {29--58}
}
@ARTICLE{BLMR2002,
 author    = {D. S. Bale and R. J. LeVeque and S. Mitran and J. A. Rossmanith},
 title     = {A wave propagation method for conservation laws and balance laws with spatially varying flux functions},
 journal   = {SIAM Journal on Scientific Computing},
 year      = {2002},
 volume    = {24},
 number    = {3},
 pages     = {955--978}
}
@ARTICLE{ABBKP2004,
 author    = {E. Audusse and F. Bouchut and M. O. Bristeau and R. Klein and B. Perthame},
 title     = {A fast and stable well-balanced scheme with hydrostatic reconstruction for shallow water flows},
 journal   = {SIAM Journal on Scientific Computing},
 year      = {2004},
 volume    = {25},
 number    = {6},
 pages     = {2050--2065},
 note      = {\url{http://dx.doi.org/10.1137/S1064827503431090}}
}
@ARTICLE{Liu1987,
 author    = {T. P. Liu},
 title     = {Nonlinear resonance for quasilinear hyperbolic equation},
 journal   = {J. Math. Phys},
 year      = {1987},
 volume    = {28},
 pages     = {2593--2602}
}
@ARTICLE{IT1995,
 author    = {E. Isaacson and B. Temple},
 title     = {Convergence of the 2x2 {G}odunov method for a general resonant nonlinear balance law},
 journal   = {SIAM Journal on Applied Mathematics},
 year      = {1995},
 volume    = {35},
 pages     = {631--645}
}
@ARTICLE{Ritter1892,
 author    = {A. Ritter},
 title     = {Die fortpflanzung der wasserwellen},
 journal   = {Zeitschrift des Vereines Deutscher Ingenieure},
 year      = {1892},
 volume    = {36},
 number    = {33},
 pages     = {947--954}
}
@BOOK{KR,
 author    = {B. W. Kernighan and D. M. Ritchie},
 title     = {The {C} Programming Language},
 publisher = {Prentice Hall},
 year      = {1988},
 edition   = {2nd},
 address   = {Englewood Cliffs}
}
@BOOK{HKH,
 author    = {J. R. Hanly and E. B. Koffman and J. C. Horvath},
 title     = {C: Program Design for Engineers},
 publisher = {Addison-Wesley},
 year      = {1995},
 address   = {Reading}
}
@BOOK{Pil,
 author    = {M. Pilgrim},
 title     = {Dive Into Python},
 publisher = {Free Software Foundation},
 year      = {2004},
 address   = {http://diveintopython.org/}
}
@BOOK{L,
 author    = {H. P. Langtangen},
 title     = {Python Scripting for Computational Science},
 publisher = {Springer},
 year      = {2006},
 edition   = {2nd},
 address   = {Berlin}
}
@BOOK{RD,
 author    = {G. van Rossum and F. L. Drake Jr},
 title     = {Python Tutorial: Release 2.5},
 publisher = {Python Software Foundation},
 year      = {2006},
 address   = {http://www.python.org/}
}
@BOOK{R,
 author    = {S. Roberts and O. Nielsen and D. Gray and J. Sexton and N. Bartzis},
 title     = {Anuga v1.0 User Manual: Release 1.0beta\_4818},
 publisher = {Geoscience Australia},
 year      = {2007},
 address   = {http://anuga.anu.edu.au}
}
@BOOK{King,
 author    = {K. N. King},
 title     = {C Programming: A Modern Approach},
 publisher = {W. W. Norton and Company},
 year      = {2008},
 edition   = {2nd},
 address   = {New York}
}
@ARTICLE{Thacker1981,
 author    = {W. C. Thacker},
 title     = {Some exact solutions to the nonlinear shallow water equations},
 journal   = {Journal of Fluid Mechanics},
 year      = {1981},
 volume    = {107},
 pages     = {499--508},
 note      ={\url{http://dx.doi.org/10.1017/S0022112081001882}}
}

@ARTICLE{YC2001,
 author    = {S. B. Yoon and J. H. Cho},
 title     = {Numerical simulation of coastal inundation over discontinuous topography},
 journal   = {Water Engineering Research},
 year      = {2001},
 volume    = {2},
 number    = {2},
 pages     = {75--87}
}

@ARTICLE{JBNR2007,
 author    = {J. D. Jakeman and N. Bartzis  and O. M. Nielsen and S. Roberts},
 title     = {Inundation modelling of the {D}ecember 2004 {I}ndian ocean tsunami},
 journal   = {Proceedings of MODSIM07},
 year      = {2007},
 pages     = {1667--1673},
 note      ={\url{http://www.mssanz.org.au/MODSIM07/papers/26_s32/Inundation_s32_Jakeman_.pdf}} 
}

@ARTICLE{RMJ2008,
 author    = {S. G. Roberts and O. M. Nielsen and J. Jakeman},
 title     = {Simulation of tsunami and flash floods},
 journal   = {Modeling Simulation and Optimization of Complex Processes: Proceedings of the International Conference on High Performance Scientific Computing 6--10 March 2006, Hanoi, Vietnam},
 year      = {2008},
 pages     = {489--498},
 note      ={\url{http://dx.doi.org/10.1007/978-3-540-79409-7_35}}
}


@ARTICLE{JNPMBH2010,
 author    = {J. D. Jakeman and O. M. Nielsen and K. V. Putten and R. Mleczko and D. Burbidge and N. Horspool},
 title     = {Towards spatially distributed quantitative assessment of tsunami inundation models},
 journal   = {Ocean Dynamics},
 year      = {2010},
 volume    = {60},
 number    = {5},
 pages     = {1115--1138},
 note      ={\url{http://dx.doi.org/10.1007/s10236-010-0312-4 }} 
}

@BOOK{Guinot2008,
 author    = {V. Guinot},
 title     = {Wave Propagation in Fluids: Models and Numerical Techniques},
 publisher = {{ISTE} (and John Wiley \& Sons)},
 address   = {London (and Hoboken)},
 year      = {2008},
 note      = {\url{http://www.iste.co.uk/index.php?f=a&ACTION=View&id=368}}
}


@BOOK{ZRbook,
 author    = {C. Zoppou and S. Roberts},
 title     = {Shallow water wave equations},
 publisher = {\emph{book in preparation}},
 address   = {Australian National University},
 year      = {}
}
@ARTICLE{ZR1999,
 author    = {C. Zoppou and S. Roberts},
 title     = {Catastrophic collapse of water supply reservoirs in urban areas},
 journal   = {Journal of Hydraulic Engineering, American Society of Civil Engineers},
 year      = {1999},
 volume	   = {125},
 number	   = {7},
 pages     = {686--695},
note      ={\url{http://dx.doi.org/10.1061/(ASCE)0733-9429(1999)125:7(686)}} 
}

@ARTICLE{ZR2003,
 author    = {C. Zoppou and S. Roberts},
 title     = {Explicit schemes for dam-break simulations},
 journal   = {Journal of Hydraulic Engineering, American Society of Civil Engineers},
 year      = {2003},
 volume	   = {129},
 number	   = {1},
 pages     = {11--34},
note      ={\url{http://dx.doi.org/10.1061/(ASCE)0733-9429(2003)129:1(11)}} 
}

@misc{RNGS2010,
 author       = {S. Roberts and O. Nielsen and D. Gray and J. Sexton},
 title        = {\textsl{ANUGA User Manual}},
 year         = {2010},
 howpublished = {Geoscience Australia},
 note   	  = {\url{http://anuga.anu.edu.au}}
}
@ARTICLE{Stoker1948,
 author      = {J. J. Stoker},
 title       = {The formation of breakers and bores},
 journal     = {Communications on Pure and Applied Mathematics},
 year        = {1948},
 volume		 = {1},
 number		 = {1},
 pages       = {1--87},
 note        = {\url{http://dx.doi.org/10.1002/cpa.3160010101}}
}
@ARTICLE{Dressler1949,
 author      = {R. F. Dressler},
 title       = {Mathematical solution of the problem of roll-waves in inclined open channels},
 journal     = {Communications on Pure and Applied Mathematics},
 year        = {1949},
 volume		 = {2},
 number		 = {2--3},
 pages       = {149--194},
 note        = {\url{http://dx.doi.org/10.1002/cpa.3160020203}}
}
@ARTICLE{dSV1871,
 author      = {A. J. C. B. de Saint-Venant},
 title       = {Theorie du mouvement non-permanent des eaux, avec application aux crues des rivieres et 
 a l'introduction des marees dans leur lits},
 journal     = {Comptes Rendus de l'Academie des Sciences, Paris},
 year        = {1871},
 volume		 = {73},
 pages       = {147--154;~237--240}
}
@ARTICLE{LGSG2007,
 author      = {A. S. Leon and M. S. Ghidaoui and A. R. Schmidt and M. H. Garcia},
 title       = {An efficient finite-volume scheme for modeling water hammer flows},
 journal     = {In W. James (editor), Contemporary modeling of urban water systems, Monograph 15. 
Proceedings of stormwater and urban water systems modeling conference, Toronto, 2006},
 year        = {2007},
 pages       = {411--430},
 publisher   = {CHI, Guelph},
 note        = {\url{https://netfiles.uiuc.edu/asleon/www/web/Toronto.pdf}}
}
@ARTICLE{TNGH2002,
 author      = {Y. C. Tai and S. Noelle and J. M. N. T. Gray and K. Hutter},
 title       = {Shock-capturing and front-tracking methods for granular avalanches},
 journal     = {Journal of Computational Physics},
 year        = {2002},
 volume		 = {175},
 number		 = {1},
 pages       = {269--301},
 note        = {\url{http://dx.doi.org/10.1006/jcph.2001.6946}}
}
@ARTICLE{SH1989,
 author      = {S. B. Savage and K. Hutter},
 title       = {The motion of a finite mass of granular material down a rough incline},
 journal     = {Journal of Fluid Mechanics},
 year        = {1989},
 volume		 = {199},
 pages       = {177--215},
 note        = {\url{http://dx.doi.org/10.1017/S0022112089000340}}
}
@ARTICLE{SH1991,
 author      = {S. B. Savage and K. Hutter},
 title       = {The dynamics of avalanches of granular materials from initiation to run-out. {P}art {I}: {A}nalysis},
 journal     = {Acta Mechanica},
 year        = {1991},
 volume		 = {86},
 number      = {1--4},
 pages       = {201--223},
 note        = {\url{http://dx.doi.org/10.1007/BF01175958}}
}
@ARTICLE{BKN2010,
 author      = {A. Bollermann and A. Kurganov and S. Noelle},
 title       = {A well-balanced reconstruction for wetting/drying fronts},
 journal     = {IGPM Report},
 year        = {2010},
 volume	     = {313},
 pages       = {1--18},
 note        = {\url{http://www.igpm.rwth-aachen.de/Download/reports/noelle/Bollermann-Kurganov-Noelle_IGPM_Report.pdf}}
}
@ARTICLE{CCM2013,
 author      = {P. Constabile and C. Constanzo and F. Macchione},
 title       = {A storm event watershed model for surface runoff based on 2D fully dynamic wave equations},
 journal     = {Hydrological Processes},
 year        = {2013},
 volume	     = {27},
 number      = {4},
 pages       = {554--569},
 note        = {\url{http://dx.doi.org/10.1002/hyp.9237}} 
}
@ARTICLE{P2012,
 author      = {S. Popinet},
 title       = {Adaptive modelling of long-distance wave propagation and fine-scale flooding during the Tohoku tsunami},
 journal     = {Natural Hazards and Earth System Science},
 year        = {2012},
 volume	     = {12},
 pages       = {1213--1227},
 note        = {\url{http://dx.doi.org/10.5194/nhess-12-1213-2012}} 
}


@Article{KESSERWANIA14,
  Title                    = {Discontinuous Galerkin flood model formulation: luxury or necessity?},
  Author                   = {Georges Kesserwania and Yueling Wang},
  Journal                  = {Water Resources Research},
  Year                     = {2014},
  Volume                   = {Accepted Article},
}
