@article{id,
    title = {the title},
    year = {1234}
}
