@article{1979-shafer,
  author = {Glenn Shafer},
  title = {Allocations of Probability},
  journal = {The Annals of Probability},
  year = {1979},
  volume = {7},
  number = {5},
  pages = {827--839}
}

@article{1977-morris,
  author = {Peter A. Morris},
  title = {Combining expert judgments: a {B}ayesian approach},
  journal = {Management Science},
  year = {1977},
  volume = {23},
  number = {7},
  pages = {679--693}
}

@book{1972-savage,
  author = {Leonard J. Savage},
  title = {The Foundations of Statistics},
  publisher = {Dover},
  year = {1972},
  address = {New York}
}

@book{rockafellar-1970,
  author = {R. Tyrrell Rockafellar},
  title = {Convex Analysis},
  publisher = {Princeton University Press},
  year = {1970},
  address = {Princeton}
}

@article{1966-arrow,
  author = {Arrow, K.},
  title = {Exposition of the theory of choice under uncertainty},
  journal = {Synthese},
  year = {1966},
  volume = {16},
  number = {3--4},
  pages = {253--269}
}

@article{1951-ville,
  author = {Jean Ville and P. K. Newman},
  title = {The Existence-Conditions of a Total Utility Function },
  journal = {The Review of Economic Studies},
  year = {1951},
  volume = {19},
  number = {2},
  pages = {123--128}
}

@article{1934-hildebrandt,
  author = {T. H. Hildebrandt},
  title = {On Bounded Functional Operations},
  journal = {Transactions of the American Mathematical Society},
  year = {1934},
  volume = {36},
  number = {4},
  pages = {868--875}
}

@article{1986-genest-zidek-combining-probability-distributions,
  author = {Christian Genest and James V. Zidek},
  title = {Combining Probability Distributions: A Critique and an Annotated Bibliography},
  journal = {Statistical Science},
  year = {1986},
  volume = {1},
  number = {1},
  pages = {114--148}
}

@article{2001-kennedy-calibration,
  author = {Marc C. Kennedy and Anthony O'Hagan},
  title = {Bayesian Calibration of Computer Models},
  journal = {Journal of the Royal Statistical Society, Series B},
  year = {2001},
  volume = {63},
  number = {3},
  pages = {425--464}
}
