% This file was created with JabRef 2.10.
% Encoding: ASCII


@Book{Cengel2007,
  Title                    = {{Thermodynamics, An Engineering Approach}},
  Author                   = {Yunus A. \c{C}engel and Michael A. Boles},
  Publisher                = {McGraw-Hill},
  Year                     = {2007},

  Address                  = {New York},
  Edition                  = {6th edition},

  Owner                    = {jowr},
  Timestamp                = {2014.12.16}
}

@Article{Abramson-HPR-2011,
  Title                    = {{Melting curves of argon and methane}},
  Author                   = {Evan H. Abramson},
  Journal                  = {High Pressure Research},
  Year                     = {2011},
  Number                   = {4},
  Pages                    = {549-554},
  Volume                   = {31},

  Owner                    = {Belli},
  Timestamp                = {2014.06.09}
}

@InProceedings{Akasaka-Purdue-2014,
  Title                    = {{A Thermodynamic Property Model for the R-134a/245fa Mixtures}},
  Author                   = {Ryo Akasaka},
  Booktitle                = {15th International Refrigeration and Air Conditioning Conference at Purdue, July 14-17, 2014},
  Year                     = {2014},

  Owner                    = {Belli},
  Timestamp                = {2014.09.27}
}

@Article{Akasaka-FPE-2013,
  Title                    = {{Thermodynamic property models for the difluoromethane (R-32) + trans-1,3,3,3-tetrafluoropropene (R-1234ze(E)) and difluoromethane + 2,3,3,3-tetrafluoropropene (R-1234yf) mixtures}},
  Author                   = {Ryo Akasaka},
  Journal                  = {Fluid Phase Equilib.},
  Year                     = {2013},
  Pages                    = {98-104},
  Volume                   = {358},

  Owner                    = {Belli},
  Timestamp                = {2014.09.27}
}

@InProceedings{Akasaka-PU-2014,
  Title                    = {{A Thermodynamic Property Model for the R-134a/245fa Mixtures}},
  Author                   = {Ryo Akasaka and Yukihiro Higashi},
  Booktitle                = {15 th International Refrigeration and Air Conditioning Conference at Purdue, July 14-17, 2014},
  Year                     = {2014},

  Owner                    = {Belli},
  Timestamp                = {2014.07.22}
}

@InProceedings{Akasaka-DELFT-2013,
  Title                    = {{A Fundamental Equation of State For Low-GWP Refrigerant HFO-1234ze(Z)}},
  Author                   = {Ryo Akasaka and Yukihiro Higashi and Shigeru Koyama},
  Booktitle                = {4th IIR Conference on ThermophysicalProperties and Transfer Processes of Refrigerants, Delft, The Netherlands, 2013},
  Year                     = {2013},
  Pages                    = {TP-052},

  Owner                    = {Belli},
  Timestamp                = {2013.08.05}
}

@Article{Akasaka-IJR-2012,
  Title                    = {{A fundamental equation of state for trifluoromethyl methyl ether (HFE-143m) and its application to refrigeration cycle analysis}},
  Author                   = {Ryo Akasaka and Yohei Kayukawa},
  Journal                  = {Int. J. Refrig.},
  Year                     = {2012},
  Pages                    = {1003-1013},
  Volume                   = {35},

  Owner                    = {Belli},
  Timestamp                = {2013.04.10}
}

@Article{Akasaka-PREPINT-2014,
  Title                    = {{Equation of State for R245fa (unpublished, to be submitted)}},
  Author                   = {Ryo Akasaka and Lemmon, E.W.},
  Journal                  = {J. Phys. Chem. Ref. Data},
  Year                     = {2015},
  Note                     = {Provided by Ryo Akasaka},

  Owner                    = {Belli},
  Timestamp                = {2014.08.09}
}

@Article{Aleksandrov-TE-2011,
  Title                    = {{Using Fundamental Equations of State for Calculating the Thermodynamic Properties of Normal Undecane}},
  Author                   = {I. S. Aleksandrov and A. A. Gerasimov and B. A. Grigor'ev},
  Journal                  = {Thermal Engineering},
  Year                     = {2011},
  Number                   = {8},
  Pages                    = {691-698},
  Volume                   = {58},

  Owner                    = {Belli},
  Timestamp                = {2013.04.11}
}

@Article{Allal-PRE-2001,
  Title                    = {{Free-volume viscosity model for fluids in the dense and gaseous states}},
  Author                   = {A. Allal and C. Boned and A. Baylaucq},
  Journal                  = {Physical Review E},
  Year                     = {2001},
  Pages                    = {011203-1:10},
  Volume                   = {64},

  Owner                    = {Belli},
  Timestamp                = {2013.07.07}
}

@Book{ASHRAE2001,
  Title                    = {{2001 ASHRAE Handbook: Fundamentals}},
  Author                   = {{American Society of Heating, Refrigerating and Air-Conditioning Engineers}},
  Publisher                = {{ASHRAE}},
  Year                     = {2001},
  Volume                   = {111},

  ISBN                     = {9781883413880},
  Owner                    = {jowr},
  Timestamp                = {2014.09.17}
}

@TechReport{Arp-NIST-1998,
  Title                    = {{Thermophysical Properties of Helium-4 from 0.8 to 1500 K with Pressures to 2000 MPa - NIST Technical Note 1334 (revised)}},
  Author                   = {V.D. Arp and R.D. McCarty and D.G Friend},
  Institution              = {NIST},
  Year                     = {1998},

  Owner                    = {Belli},
  Timestamp                = {2013.08.05}
}

@Article{Assael-JPCRD-2012-Benzene,
  Title                    = {{Reference Correlation of the Thermal Conductivity of Benzene from the Triple Point to 725 K and up to 500 MPa}},
  Author                   = {M.J. Assael and E. Mihailidou and M.L. Huber and R.A. Perkins},
  Journal                  = {J. Phys. Chem. Ref. Data},
  Year                     = {2012},
  Pages                    = {043102-1:9},
  Volume                   = {41},

  Owner                    = {Belli},
  Timestamp                = {2013.04.10}
}

@Article{Assael-JPCRD-2011-Hydrogen,
  Title                    = {{Correlation of the Thermal Conductivity of Normal and Parahydrogen from the Triple Point to 1000 K and up to 100 MPa}},
  Author                   = {M. J. Assael and J.-A. M. Assael and M. L. Huber and R. A. Perkins and Y. Takata},
  Journal                  = {J. Phys. Chem. Ref. Data},
  Year                     = {2011},
  Number                   = {3},
  Pages                    = {033101-1:13},
  Volume                   = {40},

  Owner                    = {Belli},
  Timestamp                = {2013.04.09}
}

@Article{Assael-JPCRD-2013-Heptane,
  Title                    = {{Reference Correlation of the Thermal Conductivity of n-Heptane from the Triple Point to 600 K and up to 250 MPa}},
  Author                   = {M. J. Assael and I. Bogdanou and S. K. Mylona and M. L. Huber and R. A. Perkins and V. Vesovic},
  Journal                  = {J. Phys. Chem. Ref. Data},
  Year                     = {2013},
  Number                   = {2},
  Pages                    = {023101-1:9},
  Volume                   = {42},

  Owner                    = {Belli},
  Timestamp                = {2013.04.28}
}

@Article{Assael-JPCRD-2012-SF6,
  Title                    = {{Reference Correlation of the Thermal Conductivity of Sulfur Hexafluoride from the Triple Point to 1000 K and up to 150 MPa}},
  Author                   = {M. J. Assael and I. A. Koini and K. D. Antoniadis and M. L. Huber and I. M. Abdulagatov and R. A. Perkins},
  Journal                  = {J. Phys. Chem. Ref. Data},
  Year                     = {2012},
  Number                   = {2},
  Pages                    = {023104-1:9},
  Volume                   = {41},

  Owner                    = {Belli},
  Review                   = {Errata: To get the correct values in REFPROP for the residual part they use a molar reducing density of 5.046 mol/L or 5046*0.1460554192 = 736.9956452832 kg/m^3},
  Timestamp                = {2013.04.08}
}

@Article{Assael-JPCRD-2012-Toluene,
  Title                    = {{Reference Correlation of the Thermal Conductivity of Toluene from the Triple Point to 1000 K and up to 1000 MPa}},
  Author                   = {M. J. Assael and S. K. Mylona and M. L. Huber and R. A. Perkins},
  Journal                  = {J. Phys. Chem. Ref. Data},
  Year                     = {2012},
  Number                   = {2},
  Pages                    = {023101-1:12},
  Volume                   = {41},

  Owner                    = {Belli},
  Timestamp                = {2013.04.10}
}

@Article{Assael-JPCRD-2013-Hexane,
  Title                    = {{Reference Correlation of the Thermal Conductivity of n-Hexane from the Triple Point to 600 K and up to 500 MPa}},
  Author                   = {M. J. Assael and S. K. Mylona and Ch. A. Tsiglifisi and M. L. Huber and R. A. Perkins},
  Journal                  = {J. Phys. Chem. Ref. Data},
  Year                     = {2013},
  Number                   = {1},
  Pages                    = {013106-1:8},
  Volume                   = {42},

  Owner                    = {Belli},
  Timestamp                = {2013.04.28}
}

@Article{Assael-JPCRD-2013-Ethanol,
  Title                    = {{Reference Correlation of the Thermal Conductivity of Ethanol from the Triple Point to 600 K and up to 245 MPa}},
  Author                   = {M. J. Assael and E. A. Sykioti and M. L. Huber and R. A. Perkins},
  Journal                  = {J. Phys. Chem. Ref. Data},
  Year                     = {2013},
  Number                   = {2},
  Pages                    = {023102-1:10},
  Volume                   = {42},

  Owner                    = {Belli},
  Timestamp                = {2013.04.28}
}

@Article{Avgeri-JPCRD-2014-Benzene,
  Title                    = {{Reference Correlation of the Viscosity of Benzene from the Triple Point to 675 K and up to 300 MPa}},
  Author                   = {S. Avgeri and M. J. Assael and M. L. Huber and R. A. Perkins},
  Journal                  = {J. Phys. Chem. Ref. Data},
  Year                     = {2014},
  Pages                    = {033103},
  Volume                   = {43},

  Owner                    = {Belli},
  Timestamp                = {2014.09.02}
}

@Article{Barreiros-JCT-1982,
  Title                    = {{The Melting Curves of Carbon Monoxide}},
  Author                   = {Susane F. Barreiros and Jorge C. G. Calado and Manuel Nunes da Ponte},
  Journal                  = {J. Chem. Thermodynamics},
  Year                     = {1982},
  Pages                    = {1197-1198},
  Volume                   = {14},

  Owner                    = {Belli},
  Timestamp                = {2014.10.02}
}

@Article{Bell-IECR-2014,
  Title                    = {{Pure and Pseudo-pure Fluid Thermophysical Property Evaluation and the Open-Source Thermophysical Property Library CoolProp}},
  Author                   = {Bell, Ian H. and Wronski, Jorrit and Quoilin, Sylvain and Lemort, Vincent},
  Journal                  = {Industrial \& Engineering Chemistry Research},
  Year                     = {2014},
  Number                   = {6},
  Pages                    = {2498-2508},
  Volume                   = {53},

  Doi                      = {10.1021/ie4033999},
  Eprint                   = {http://pubs.acs.org/doi/pdf/10.1021/ie4033999},
  Url                      = {http://pubs.acs.org/doi/abs/10.1021/ie4033999}
}

@Article{Buecker-JPCRD-2006,
  Title                    = {{A Reference Equation of State for the Thermodynamic Properties of Ethane for Temperatures from the Melting Line to 675 K and Pressures up to 900 MPa}},
  Author                   = {D. Buecker and W. Wagner},
  Journal                  = {J. Phys. Chem. Ref. Data},
  Year                     = {2006},
  Number                   = {1},
  Pages                    = {205-266},
  Volume                   = {35},

  Owner                    = {Belli},
  Timestamp                = {2013.04.08}
}

@Article{Buecker-JPCRD-2006B,
  Title                    = {{Reference Equations of State for the Thermodynamic Properties of Fluid Phase n-Butane and Isobutane}},
  Author                   = {D. Buecker and W. Wagner},
  Journal                  = {J. Phys. Chem. Ref. Data},
  Year                     = {2006},
  Number                   = {2},
  Pages                    = {929-1019},
  Volume                   = {35},

  Owner                    = {Belli},
  Timestamp                = {2013.04.30}
}

@TechReport{Chichester-NIST-2008,
  Title                    = {{NISTIR 6650: Documentation and Assessment of the Transport Property Model for Mixtures Implemented in NIST REFPROP (Version 8.0)}},
  Author                   = {Justin C. Chichester and Marcia L. Huber},
  Institution              = {National Institute of Standards and Technology (NIST)},
  Year                     = {June 2008},

  Owner                    = {Belli},
  Timestamp                = {2013.04.08}
}

@Article{Colonna-FPE-2008,
  Title                    = {{Multiparameter equations of state for siloxanes: [(CH3)3-Si-O1/2]2-[O-Si-(CH3)2]i=1,...,3, and [O-Si-(CH3)2]6}},
  Author                   = {P. Colonna and N.R. Nannan and A. Guardone},
  Journal                  = {Fluid Phase Equilib.},
  Year                     = {2008},
  Pages                    = {115-130},
  Volume                   = {263},

  Owner                    = {Belli},
  Timestamp                = {2013.04.08}
}

@Article{Colonna-FPE-2006,
  Title                    = {{Multiparameter equations of state for selected siloxanes}},
  Author                   = {P. Colonna and N.R. Nannan and A. Guardone and E.W. Lemmon},
  Journal                  = {Fluid Phase Equilib.},
  Year                     = {2006},
  Pages                    = {193-211},
  Volume                   = {244},

  Owner                    = {Belli},
  Timestamp                = {2013.04.08}
}

@Article{Datchi-PRB-2000,
  Title                    = {{Extended and accurate determination of the melting curves of argon, helium, ice (H$_2$O) and hydrogen (H$_2$)}},
  Author                   = {Fr{\'e}d{\'e}ric Datchi and Paul Loubeyre and Ren{\'e} LeToullec},
  Journal                  = {Physical Review B},
  Year                     = {2000},
  Number                   = {10},
  Pages                    = {6535-6546},
  Volume                   = {61},

  Owner                    = {Belli},
  Timestamp                = {2014.10.02}
}

@Misc{Therminol2007,
  Title                    = {{Therminol Heat Transfer Reference Disk, Version 5.0}},

  Author                   = {{Eastman Chemical Company}}
}

@Article{Fenghour-JPCRD-1998,
  Title                    = {{The Viscosity of Carbon Dioxide}},
  Author                   = {A. Fenghour and W.A. Wakeham and V. Vesovic},
  Journal                  = {J. Phys. Chem. Ref. Data},
  Year                     = {1998},
  Note                     = {5},
  Number                   = {1},
  Pages                    = {31-44},
  Volume                   = {27},

  Owner                    = {Belli},
  Review                   = {Units of density in paper are mol/L, poorly documented},
  Timestamp                = {2013.04.08}
}

@Article{Fenghour-JPCRD-1995,
  Title                    = {{The Viscosity of Ammonia}},
  Author                   = {A. Fenghour and W.A. Wakeham and V. Vesovic and J.T.R. Watson and J. Millat and E. Vogel},
  Journal                  = {J. Phys. Chem. Ref. Data},
  Year                     = {1995},
  Note                     = {5},
  Pages                    = {1649-1667},
  Volume                   = {24},

  Owner                    = {Belli},
  Review                   = {Units of density in paper are mol/L, poorly documented},
  Timestamp                = {2013.04.08}
}

@Article{Froeba-2000,
  Title                    = {{Saturated Liquid Viscosity and Surface Tension of Alternative Refrigerants}},
  Author                   = {A.P. Fr\"{o}ba and S. Will and A. Leipertz},
  Journal                  = {Int. J. Thermophys.},
  Year                     = {2000},
  Note                     = {10.1023/A:1006689724974},
  Pages                    = {1225-1253},
  Volume                   = {21},

  ISSN                     = {0195-928X},
  Issue                    = {6},
  Keyword                  = {Physics and Astronomy},
  Owner                    = {ibell},
  Publisher                = {Springer Netherlands},
  Timestamp                = {2011.04.17},
  Url                      = {http://dx.doi.org/10.1023/A:1006689724974}
}

@Article{Friend-JPCRD-1991,
  Title                    = {{Thermophysical Properties of Ethane}},
  Author                   = {Daniel G. Friend and Hepburn Ingham and James F. Ely},
  Journal                  = {J. Phys. Chem. Ref. Data},
  Year                     = {1991},
  Number                   = {2},
  Pages                    = {275-347},
  Volume                   = {20},

  Owner                    = {Belli},
  Timestamp                = {2013.04.08}
}

@Article{Gedanitz-PREPRINT-2013,
  Title                    = {{Speed of sound measurements and a fundamental equation of state for cyclopentane}},
  Author                   = {Holger Gedanitz and Mar{\'i}a J. D{\'a}vila and Eric W. Lemmon},
  Journal                  = {J. Chem. Eng. Data},
  Year                     = {To be published, preprint provided by Eric Lemmon},

  Owner                    = {Belli},
  Timestamp                = {2013.04.10}
}

@InProceedings{Geller-PURDUE-2000,
  Title                    = {{Viscosity of Mixed Refrigerants R404A, R407C, R410A, and R507A}},
  Author                   = {V. Geller},
  Booktitle                = {2000 International Refrigeration Conferences at Purdue University},
  Year                     = {2000},

  Owner                    = {Belli},
  Timestamp                = {2013.04.08}
}

@Article{Geller-IJT-2001,
  Title                    = {{Thermal Conductivity of the Refrigerant mixtures R404A, R407C, R410A, and R507A}},
  Author                   = {V.Z. Geller and B.Z. Nemzer and U.V. Cheremnykh},
  Journal                  = {Int. J. Thermophys.},
  Year                     = {2001},
  Pages                    = {1034-1043},
  Volume                   = {22},

  Owner                    = {ibell},
  Timestamp                = {2010.06.30}
}

@PhdThesis{Gernert-Thesis-2013,
  Title                    = {{A New Helmholtz Energy Model for Humid Gases and CCS Mixtures}},
  Author                   = {Georg Johannes Gernert},
  School                   = {Ruhr-Universit{\"a}t Bochum},
  Year                     = {2013},

  Owner                    = {Belli},
  Timestamp                = {2014.09.27}
}

@Article{Gernert-FPE-2014,
  Title                    = {{Calculation of phase equilibria for multi-component mixtures using highly accurate Helmholtz energy equations of state}},
  Author                   = {Johannes Gernert and Andreas J{\"a}ger and Roland Span},
  Journal                  = {Fluid Phase Equilib.},
  Year                     = {2014},
  Pages                    = {209-218},
  Volume                   = {375},

  Owner                    = {Belli},
  Timestamp                = {2014.07.21}
}

@Article{Guder-JPCRD-2009,
  Title                    = {{A Reference Equation of State for the Thermodynamic Properties of Sulfur Hexafluoride SF6 for Temperatures from the Melting Line to 625 K and Pressures up to 150 MPa}},
  Author                   = {C. Guder and W. Wagner},
  Journal                  = {J. Phys. Chem. Ref. Data},
  Year                     = {2009},
  Number                   = {1},
  Pages                    = {33-94},
  Volume                   = {38},

  Owner                    = {Belli},
  Timestamp                = {2013.04.08}
}

@Article{Hands-CRYO-1981,
  Title                    = {{A Correlation of Thermal Conductivity Data for Helium}},
  Author                   = {B.A. Hands and V.D. Arp},
  Journal                  = {Cryogenics},
  Year                     = {1981},
  Number                   = {12},
  Pages                    = {697-703},
  Volume                   = {21},

  Owner                    = {Belli},
  Timestamp                = {2013.08.05}
}

@Article{Heide-IJR-1997,
  Title                    = {{The surface tension of HFC refrigerants and mixtures}},
  Author                   = {R. Heide},
  Journal                  = {Int J. Refrig.},
  Year                     = {1997},
  Pages                    = {496-503},
  Volume                   = {20},

  Owner                    = {Belli},
  Timestamp                = {2013.04.08}
}

@Article{Herrmann2009,
  Title                    = {{Thermodynamic Properties of Real Moist Air, Dry Air, Steam, Water, and Ice (RP-1485)}},
  Author                   = {Herrmann, Sebastian and Kretzschmar, Hans-Joachim and Gatley, Donald P.},
  Journal                  = {{HVAC\&R Research}},
  Year                     = {2009},
  Number                   = {5},
  Pages                    = {961--986},
  Volume                   = {15},

  Doi                      = {10.1080/10789669.2009.10390874},
  Eprint                   = { http://www.tandfonline.com/doi/pdf/10.1080/10789669.2009.10390874 },
  Owner                    = {jowr},
  Timestamp                = {2014.10.09}
}

@Article{Holland-JPCRD-1983,
  Title                    = {{A Correlation of the Viscosity and Thermal Conductivity Data of Gaseous and Liquid Ethylene}},
  Author                   = {P.M. Holland and B.E. Eaton and H.J.M. Hanley},
  Journal                  = {J. Phys. Chem. Ref. Data},
  Year                     = {1983},
  Number                   = {4},
  Pages                    = {917-932},
  Volume                   = {12},

  Owner                    = {Belli},
  Timestamp                = {2013.04.08}
}

@Article{Huber-FPE-2005,
  Title                    = {{Thermal conductivity correlations for minor constituent fluids in natural gas: n-octane, n-nonane and n-decane}},
  Author                   = {M.L. Huber and R.A. Perkins},
  Journal                  = {Fluid Phase Equilib.},
  Year                     = {2005},
  Pages                    = {47-55},
  Volume                   = {227},

  Owner                    = {Belli},
  Timestamp                = {2013.04.14}
}

@Article{Huber-JPCRD-2009,
  Title                    = {{New International Formulation for the Viscosity of H2O}},
  Author                   = {M.L. Huber and R.A. Perkins and A. Laesecke and D.G. Friend and J.V. Sengers and M.J Assael and I.M. Metaxa and E. Vogel and R. Mare{\v s} and K. Miyagawa},
  Journal                  = {J. Phys. Chem. Ref. Data},
  Year                     = {2009},
  Number                   = {2},
  Pages                    = {101-125},
  Volume                   = {38},

  Owner                    = {Belli},
  Timestamp                = {2013.04.08}
}

@Article{Huber-FPE-1992,
  Title                    = {{Prediction of Viscosity of Refrigerants and Refrigerant Mixtures}},
  Author                   = {Marcia L. Huber and James F. Ely},
  Journal                  = {Fluid Phase Equilib.},
  Year                     = {1992},
  Pages                    = {239-248},
  Volume                   = {80},

  Owner                    = {Belli},
  Timestamp                = {2013.05.29}
}

@Article{Huber-IECR-2006,
  Title                    = {{Correlation for the Viscosity of Pentafluoroethane (R125) from the Triple Point to 500 K at Pressures up to 60 MPa}},
  Author                   = {Marcia L. Huber and Arno Laesecke},
  Journal                  = {Ind. Eng. Chem. Res.},
  Year                     = {2006},
  Pages                    = {4447-4453},
  Volume                   = {45},

  Owner                    = {Belli},
  Timestamp                = {2013.04.13}
}

@Article{Huber-EF-2004,
  Title                    = {{Transport Properties of n-Dodecane}},
  Author                   = {Marcia L. Huber and Arno Laesecke and Richard Perkins},
  Journal                  = {Energy \& Fuels},
  Year                     = {2004},
  Pages                    = {968-975},
  Volume                   = {18},

  Owner                    = {Belli},
  Timestamp                = {2013.04.10}
}

@Article{Huber-IECR-2003,
  Title                    = {{Model for the Viscosity and Thermal Conductivity of Refrigerants, Including a New Correlation for the Viscosity of R134a}},
  Author                   = {Marcia L. Huber and Arno Laesecke and Richard A. Perkins},
  Journal                  = {Ind. Eng. Chem. Res.},
  Year                     = {2003},
  Pages                    = {3163-3178},
  Volume                   = {42},

  Owner                    = {ibell},
  Timestamp                = {2010.07.06}
}

@Article{Huber-FPE-2004,
  Title                    = {{Viscosity correlations for minor constituent fluids in natural gas: n-octane, n-nonane and n-decane}},
  Author                   = {Marcia L. Huber and Arno Laesecke and Hong Wei Xiang},
  Journal                  = {Fluid Phase Equilib.},
  Year                     = {2004},
  Pages                    = {263-270},
  Volume                   = {224},

  Owner                    = {Belli},
  Timestamp                = {2013.04.14}
}

@Article{Huber-EF-2009,
  Title                    = {{Model for the Thermodynamic Properties of a Biodiesel Fuel}},
  Author                   = {Marcia L. Huber and Eric W. Lemmon and Andrei Kazakov and Lisa S. Ott and Thomas J. Bruno},
  Journal                  = {Energy \& Fuels},
  Year                     = {2009},
  Pages                    = {3790-3797},
  Volume                   = {23},

  Owner                    = {Belli},
  Timestamp                = {2013.04.08}
}

@Article{Huber-JPCRD-2012,
  Title                    = {{New International Formulation for the Thermal Conductivity of H2O}},
  Author                   = {M. L. Huber and R. A. Perkins and D. G. Friend and J. V. Sengers and M. J. Assael and I. N. Metaxa and K. Miyagawa and R. Hellmann and E. Vogel},
  Journal                  = {J. Phys. Chem. Ref. Data},
  Year                     = {2012},
  Number                   = {3},
  Pages                    = {033102-1:23},
  Volume                   = {41},

  Owner                    = {Belli},
  Timestamp                = {2013.04.08}
}

@Misc{IAPWS-Melting-2011,
  Title                    = {{2011 Revised Release on the Pressure along the Melting and Sublimation Curves of Ordinary Water Substance}},

  Author                   = {IAPWS},
  Year                     = {2011},

  Institution              = {{IAPWS}},
  Organization             = {{IAPWS}},
  Owner                    = {Belli},
  Timestamp                = {2014.10.02}
}

@Article{Jacobsen-FPE-1992,
  Title                    = {{A Fundamental Equation for Trichlorofluoromethane (R-11)}},
  Author                   = {R.T Jacobsen and S.G. Penoncello and E.W. Lemmon},
  Journal                  = {Fluid Phase Equilib.},
  Year                     = {1992},
  Pages                    = {45-56},
  Volume                   = {80},

  Owner                    = {Belli},
  Timestamp                = {2013.04.10}
}

@Article{Jaeschke-IJT-1995,
  Title                    = {{Ideal-Gas Thermodynamic Properties for Natural-Gas Applications}},
  Author                   = {M. Jaeschke and P. Schley},
  Journal                  = {Int. J. Thermophys.},
  Year                     = {1995},
  Number                   = {6},
  Pages                    = {1381-1392},
  Volume                   = {16},

  Owner                    = {Belli},
  Timestamp                = {2013.04.08}
}

@Manual{Jones2001,
  Title                    = {{SciPy}: Open source scientific tools for {Python}},
  Author                   = {Eric Jones and Travis Oliphant and Pearu Peterson and others},
  Year                     = {2001--},

  Owner                    = {jowr},
  Timestamp                = {2014.09.24},
  Url                      = {http://www.scipy.org/}
}

@Article{Kamei-IJT-1995,
  Title                    = {{Application of Nonlinear Regression in the Development of a Wide Range Formulation for HCFC-22}},
  Author                   = {A. Kamei and S. W. Beyerlein and R. T Jacobsen},
  Journal                  = {Int. J. Thermophys.},
  Year                     = {1995},
  Number                   = {5},
  Pages                    = {1155-1164},
  Volume                   = {16},

  Owner                    = {Belli},
  Timestamp                = {2013.04.08}
}

@Article{Katti-ACE-1986,
  Title                    = {{Thermodynamic Properties of Neon for Temperatures from the Triple Point to 700 K at Pressures to 700 MPa}},
  Author                   = {R. Katti and R.T. Jacobsen and R.B. Stewart and M. Jehangiri},
  Journal                  = {Advances in Cryogenic Engineering},
  Year                     = {1986},
  Pages                    = {1189-1197},
  Volume                   = {31},

  Owner                    = {Belli},
  Timestamp                = {2013.04.30}
}

@TechReport{Kauffeld2001,
  Title                    = {{RP-1166---Behavior of Ice Slurries in Thermal Storage Systems}},
  Author                   = {Michael Kauffeld},
  Institution              = {{Danish Technological Institute}},
  Year                     = {2001},
  Note                     = {{Sponsored by ASHRAE Technical Committee 6.9 Thermal Storage}},

  Owner                    = {jowr},
  Timestamp                = {2014.09.22}
}

@Article{Kiselev-IECR-2005,
  Title                    = {{Generalized SAFT-DFT/DMT Model for the Thermodynamic, Interfacial, and Transport Properties of Associating Fluids: Application for n-Alkanols}},
  Author                   = {S. B. Kiselev and J. F. Ely and I. M. Abdulagatov and M. L. Huber},
  Journal                  = {Ind. Eng. Chem. Res.},
  Year                     = {2005},
  Pages                    = {6916-6927},
  Volume                   = {44},

  Owner                    = {Belli},
  Timestamp                = {2013.04.14}
}

@Article{Klein-IJR-1997,
  Title                    = {{An improved extended corresponding states method for estimation of viscosity of pure refrigerants and mixtures}},
  Author                   = {S.A. Klein and M.O. McLinden and A. Laesecke},
  Journal                  = {International Journal of Refrigeration},
  Year                     = {1997},
  Pages                    = {208-217},
  Volume                   = {20},

  Owner                    = {Belli},
  Timestamp                = {2014.12.06}
}

@Article{Kostic2006,
  Title                    = {{Analysis of Enthalpy Approximation for Compressed Liquid Water}},
  Author                   = {Milivoje M. Kostic},
  Journal                  = {Journal of Heat Transfer},
  Year                     = {2006},
  Number                   = {5},
  Pages                    = {421--426},
  Volume                   = {128},

  Doi                      = {10.1115/1.2175090},
  Owner                    = {jowr},
  Timestamp                = {2014.12.16}
}

@Article{Krauss-IJT-1996,
  Title                    = {{Transport Properties of 1,1-Difluoroethane (R152a)}},
  Author                   = {R. Krauss and I V. C. Weiss and T. A. Edison and J. V. Sengers and K. Stephan},
  Journal                  = {Int. J. Thermophys},
  Year                     = {1996},
  Pages                    = {731-757},
  Volume                   = {17},

  Owner                    = {Belli},
  Timestamp                = {2013.04.28}
}

@Book{Kunz-BOOK-2007,
  Title                    = {{The GERG-2004 Wide-Range Equation of State for Natural Gases and Other Mixtures}},
  Author                   = {O. Kunz and R. Klimeck and W. Wagner and M. Jaeschke},
  Publisher                = {VDI Verlag GmbH},
  Year                     = {2007},

  Owner                    = {Belli},
  Timestamp                = {2013.07.07}
}

@Article{Kunz-JCED-2012,
  Title                    = {{The GERG-2008 Wide-Range Equation of State for Natural Gases and Other Mixtures: An Expansion of GERG-2004}},
  Author                   = {O. Kunz and W. Wagner},
  Journal                  = {J. Chem. Eng. Data},
  Year                     = {2012},
  Pages                    = {3032-3091},
  Volume                   = {57},

  Owner                    = {Belli},
  Timestamp                = {2013.07.07}
}

@Article{Laesecke-IJR-1996,
  Title                    = {{An improved correlation for the thermal conductivity of HCFC123 (2,2-dichloro-1,1,1-trifluoroethane)}},
  Author                   = {Arno Laesecke and Richard A. Perkins and John B. Howley},
  Journal                  = {Int J. Refrig.},
  Year                     = {1996},
  Number                   = {4},
  Pages                    = {231-238},
  Volume                   = {19},

  Owner                    = {Belli},
  Timestamp                = {2013.04.13}
}

@Article{Leachman-JPCRD-2009,
  Title                    = {{Fundamental Equations of State for Parahydrogen, Normal Hydrogen, and Orthohydrogen}},
  Author                   = {J.W. Leachman and R.T. Jacobsen and S.G. Penoncello and E.W. Lemmon},
  Journal                  = {J. Phys. Chem. Ref. Data},
  Year                     = {2009},
  Number                   = {3},
  Pages                    = {721-748},
  Volume                   = {38},

  Owner                    = {Belli},
  Timestamp                = {2013.04.09}
}

@Article{Lemmon-IJT-2003,
  Title                    = {{Pseudo-Pure Fluid Equations of State for the Refrigerant Blends R-410A, R-404A, R-507A, and R-407C}},
  Author                   = {E.W. Lemmon},
  Journal                  = {Int. J. Thermophys.},
  Year                     = {2003},
  Number                   = {4},
  Pages                    = {991-1006},
  Volume                   = {24},

  File                     = {:D\:\\My_Documents\\Library\\Papers\\Lemmon 2003.pdf:PDF},
  Keywords                 = {EOS},
  Owner                    = {Belli},
  Timestamp                = {2013.04.08}
}

@Misc{Lemmon-RP-2010,
  Title                    = {{NIST Standard Reference Database 23: Reference Fluid Thermodynamic and Transport Properties-REFPROP, Version 9.0}},

  Author                   = {E.W. Lemmon and M.L. Huber and M.O. McLinden},
  Year                     = {2010},

  Owner                    = {ibell},
  Timestamp                = {2011.03.05}
}

@Article{Lemmon-JPCRD-2000,
  Title                    = {{Thermodynamic Properties of Air and Mixtures of Nitrogen, Argon, and Oxygen from 60 to 2000 K at Pressures to 2000 MPa}},
  Author                   = {Eric Lemmon and Richard T. Jacobsen and Steven G. Penoncello and Daniel Friend},
  Journal                  = {J. Phys. Chem. Ref. Data},
  Year                     = {2000},
  Number                   = {3},
  Pages                    = {331-385},
  Volume                   = {29},

  File                     = {:D\:\\My_Documents\\Library\\Papers\\Lemmon 2000.pdf:PDF},
  Keywords                 = {EOS},
  Owner                    = {Belli},
  Timestamp                = {2013.04.08}
}

@Unpublished{Lemmon-PROPYLENE-2013,
  Title                    = {{Equation of state for propylene}},
  Author                   = {E.W. Lemmon and U. Overhoff and M.O. McLinden and W. Wagner},
  Note                     = {Personal communication with Eric Lemmon},
  Year                     = {2010},

  Owner                    = {Belli},
  Timestamp                = {2013.04.10}
}

@Article{Lemmon-JCED-2006,
  Title                    = {{Short Fundamental Equations of State for 20 Industrial Fluids}},
  Author                   = {E.W. Lemmon and R. Span},
  Journal                  = {J. Chem. Eng. Data},
  Year                     = {2006},
  Pages                    = {785-850},
  Volume                   = {51},

  Owner                    = {Belli},
  Timestamp                = {2013.04.08}
}

@Article{Lemmon-EF-2004,
  Title                    = {{Thermodynamic Properties of n-Dodecane}},
  Author                   = {Eric W. Lemmon and Marcia L. Huber},
  Journal                  = {Energy \& Fuels},
  Year                     = {2004},
  Pages                    = {960-967},
  Volume                   = {18},

  Owner                    = {Belli},
  Timestamp                = {2013.04.09}
}

@Article{Lemmon-FPE-2005,
  Title                    = {{Thermodynamic properties of the butenes Part II. Short fundamental equations of state}},
  Author                   = {Eric W. Lemmon and E. Christian Ihmels},
  Journal                  = {Fluid Phase Equilib.},
  Year                     = {2005},
  Pages                    = {173-187},
  Volume                   = {228-229},

  Owner                    = {Belli},
  Timestamp                = {2013.04.08}
}

@Article{Lemmon-JPCRD-2005,
  Title                    = {{A New Functional Form and New Fitting Techniques for Equations of State with Application to Pentafluoroethane (HFC-125)}},
  Author                   = {Eric W. Lemmon and Richard T Jacobsen},
  Journal                  = {J. Phys. Chem. Ref. Data},
  Year                     = {2005},
  Number                   = {1},
  Pages                    = {69-108},
  Volume                   = {34},

  Owner                    = {Belli},
  Timestamp                = {2013.04.13}
}

@Article{Lemmon-IJT-2004,
  Title                    = {{Viscosity and Thermal Conductivity Equations for Nitrogen, Oxygen, Argon, and Air}},
  Author                   = {E. W. Lemmon and R. T Jacobsen},
  Journal                  = {Int. J. Thermophys.},
  Year                     = {2004},
  Number                   = {1},
  Pages                    = {21-69},
  Volume                   = {25},

  Comment                  = {Critical enhancement included},
  Owner                    = {Belli},
  Timestamp                = {2013.04.08}
}

@Article{Lemmon-JPCRD-2004,
  Title                    = {{Equations of State for Mixtures of R-32, R-125, R-134a, R-143a, and R-152a}},
  Author                   = {Eric W. Lemmon and Richard T. Jacobsen},
  Journal                  = {J. Phys. Chem. Ref. Data},
  Year                     = {2004},
  Number                   = {2},
  Pages                    = {593-620},
  Volume                   = {33},

  Owner                    = {Belli},
  Timestamp                = {2013.07.07}
}

@Article{LemmonJacobsen-JPCRD-2000,
  Title                    = {{An International Standard Formulation for the Thermodynamic Properties of 1,1,1-Trifluoroethane (HFC-143a) for Temperatures From 161 to 450 K and Pressures to 50 MPa}},
  Author                   = {Eric W. Lemmon and Richard T. Jacobsen},
  Journal                  = {J. Phys. Chem. Ref. Data},
  Year                     = {2000},
  Number                   = {4},
  Pages                    = {521-552},
  Volume                   = {29},

  Owner                    = {Belli},
  Timestamp                = {2013.04.09}
}

@Article{Lemmon-IJT-1999,
  Title                    = {{A Generalized Model for the Thermodynamic Properties of Mixtures}},
  Author                   = {E. W. Lemmon and R. T Jacobsen},
  Journal                  = {Int. J. Thermophys.},
  Year                     = {1999},
  Number                   = {3},
  Pages                    = {825-835},
  Volume                   = {20},

  Owner                    = {Belli},
  Timestamp                = {2013.07.07}
}

@Article{Lemmon-JCED-2009,
  Title                    = {{Thermodynamic Properties of Propane. III. A Reference Equation of State for Temperatures from the Melting Line to 650 K and Pressures up to 1000 MPa}},
  Author                   = {Eric W. Lemmon and Mark O. McLinden and Wolfgang Wagner},
  Journal                  = {J. Chem. Eng. Data},
  Year                     = {2009},
  Pages                    = {3141-3180},
  Volume                   = {54},

  Owner                    = {Belli},
  Timestamp                = {2013.03.19}
}

@Article{Llovell-JPCB-2013,
  Title                    = {{Transport Properties of Mixtures by the Soft-SAFT + Free-Volume Theory: Application to Mixtures of n-Alkanes and Hydrofluorocarbons}},
  Author                   = {F. Llovell and R. M. Marcos and L. F. Vega},
  Journal                  = {J. Phys. Chem. B},
  Year                     = {2013},
  Pages                    = {5195-5205},
  Volume                   = {117},

  Owner                    = {Belli},
  Timestamp                = {2013.07.07}
}

@Article{Marsh-JCED-2002,
  Title                    = {{Measurement and Correlation of the Thermal Conductivity of Propane from 86 K to 600 K at Pressures to 70 MPa}},
  Author                   = {Kenneth N. Marsh and Richard A. Perkins and Maria L. V. Ramires},
  Journal                  = {J. Chem. Eng. Data},
  Year                     = {2002},
  Pages                    = {932-940},
  Volume                   = {47},

  Owner                    = {Belli},
  Timestamp                = {2013.04.08}
}

@Book{Marx-BOOK-1992,
  Title                    = {{Neue Zustandsgleichung f\"{u}r R 12, R 22, R 11 und R 113 - Beschreibung des therodynamischen Zustandsverhaltens bei Temperaturen bis 525 K und Dru\"{u}cken bis 200 MPa}},
  Author                   = {Volker Marx and Andreas Pruss and Wolfgang Wagner},
  Publisher                = {VDI Verlag},
  Year                     = {1992},
  Number                   = {57},
  Volume                   = {19},

  Owner                    = {Belli},
  Timestamp                = {2013.05.20}
}

@Article{McLinden-PREPRINT-2013,
  Title                    = {{Thermodynamic Properties of R-227ea, R-365mfc, R-115, and R-13I1}},
  Author                   = {M.O. McLinden and E.W. Lemmon},
  Journal                  = {J. Chem. Eng. Data},
  Year                     = {To be submitted},

  Owner                    = {Belli},
  Timestamp                = {2013.04.09}
}

@Article{McLinden-IJR-2000,
  Title                    = {{An extended corresponding states model for the thermal conductivity of refrigerants and refrigerant mixtures}},
  Author                   = {Mark O. McLinden and Sanford A. Klein and Richard A. Perkins},
  Journal                  = {Int. J. Refrig.},
  Year                     = {2000},
  Pages                    = {43-63},
  Volume                   = {23},

  Owner                    = {ibell},
  Timestamp                = {2010.07.06}
}

@InProceedings{McLinden-PURDUE-2010,
  Title                    = {{Thermodynamic Properties of trans-1,3,3,3-tetrafluoropropene [R1234ze(E)]: Measurements of Density and Vapor Pressure and a Comprehensive Equation of State}},
  Author                   = {Mark O. McLinden and Monika Thol and Eric W. Lemmon},
  Booktitle                = {International Refrigeration and Air Conditioning Conference at Purdue, July 12-15, 2010},
  Year                     = {2010},

  Comment                  = {The constants as written in the paper are not the most up-to-date EOS constants. REFPROP 9.1 contains the updated coefficients and they are used with permission. Also the sign of the terms for eta_k and beta_k should be inverted in the table},
  Owner                    = {Belli},
  Timestamp                = {2013.04.08}
}

@Book{Melinder2010,
  Title                    = {{Properties of Secondary Working Fluids for Indirect Systems}},
  Author                   = {{\AA}ke Melinder},
  Publisher                = {IIF-IIR Publishing},
  Year                     = {2010},

  Owner                    = {jowr},
  Timestamp                = {2014.09.17}
}

@Book{Melinder-BOOK-2010,
  Title                    = {{Properties of Secondary Working Fluids for Indirect Systems}},
  Author                   = {{\r{A}}ke Melinder},
  Publisher                = {IIF-IIR Publishing},
  Year                     = {2010}
}

@Article{Meng-JCED-2012,
  Title                    = {{Experimental Measurement and Modeling of the Viscosity of Dimethyl Ether}},
  Author                   = {Xianyang Meng and Jianbo Zhang and Jiangtao Wu and Zhigang Liu},
  Journal                  = {J. Chem. Eng. Data},
  Year                     = {2012},
  Pages                    = {988-993},
  Volume                   = {57},

  Comment                  = {Erratum: Limits for deltaeta_r sums should be 0-3 and 4-9. The correct order of terms based on the original indices are 0,1,7,9,2,3,4,5,6,8},
  Owner                    = {Belli},
  Timestamp                = {2013.04.09}
}

@Article{Michailidou-JPCRD-2014-Heptane,
  Title                    = {{Reference Correlation of the Viscosity of n-Heptane from the Triple Point to 600 K and up to 248 MPa}},
  Author                   = {E. K. Michailidou and M. J. Assael and M. L. Huber and I. M. Abdulagatov and R. A. Perkins},
  Journal                  = {J. Phys. Chem. Ref. Data},
  Year                     = {2014},
  Pages                    = {023103},
  Volume                   = {43},

  Owner                    = {Belli},
  Timestamp                = {2014.06.10}
}

@Article{Michailidou-JPCRD-2013-Hexane,
  Title                    = {{Reference Correlation of the Viscosity of n-Hexane from the Triple Point to 600 K and up to 100 MPa}},
  Author                   = {E. K. Michailidou and M. J. Assael and M. L. Huber and R. A. Perkins},
  Journal                  = {J. Phys. Chem. Ref. Data},
  Year                     = {2013},
  Number                   = {3},
  Pages                    = {033104:1-12},
  Volume                   = {42},

  Owner                    = {Belli},
  Timestamp                = {2013.09.21}
}

@Article{Michels-PHYSICA-1962,
  Title                    = {{The Melting Lines of Argon, Krypton and Xenon up to 1500 atm; Representation of the Results by a Law of Corresponding States}},
  Author                   = {A. Michels and C. Prins},
  Journal                  = {Physica},
  Year                     = {1962},
  Pages                    = {101-116},
  Volume                   = {28},

  Owner                    = {Belli},
  Timestamp                = {2014.10.02}
}

@Article{Mulero-JPCRD-2014,
  Title                    = {{Recommended Correlations for the Surface Tension of Several Fluids Included in the REFPROP Program}},
  Author                   = {A. Mulero and I. Cachadi{\~n}a},
  Journal                  = {J. Phys. Chem. Ref. Data},
  Year                     = {2014},
  Pages                    = {023104-1:8},
  Volume                   = {43},

  Doi                      = {10.1063/1.4878755},
  Owner                    = {Belli},
  Timestamp                = {2014.06.10}
}

@Article{Mulero-JPCRD-2012,
  Title                    = {{Recommended Correlations for the Surface Tension of Common Fluids}},
  Author                   = {A. Mulero and I. Cachadi{\~n}a and M. I. Parra},
  Journal                  = {J. Phys. Chem. Ref. Data},
  Year                     = {2012},
  Number                   = {4},
  Pages                    = {043105-1:13},
  Volume                   = {41},

  Owner                    = {Belli},
  Timestamp                = {2013.04.08}
}

@Article{Muzny-JCED-2013,
  Title                    = {{Correlation for the Viscosity of Normal Hydrogen Obtained from Symbolic Regression}},
  Author                   = {Chris D. Muzny and Marcia L. Huber and Andrei F. Kazakov},
  Journal                  = {J. Chem. Eng. Data},
  Year                     = {2013},

  Owner                    = {Belli},
  Review                   = {Errata : In equation 7, the exponent should be -i rather than -1. Equation 6 is missing Avogadro's number},
  Timestamp                = {2013.04.10}
}

@Article{Mylona-JPCRD-2014-xylenes,
  Title                    = {{Reference Correlations of the Thermal Conductivity of o-Xylene, m-Xylene, p-Xylene, and Ethylbenzene from the Triple Point to 700 K and Moderate Pressures}},
  Author                   = {S. K. Mylona and K. D. Antoniadis and M. J. Assael and M. L. Huber and R. A. Perkins},
  Journal                  = {J. Phys. Chem. Ref. Data},
  Year                     = {2014},
  Pages                    = {043104},
  Volume                   = {43},

  Owner                    = {Belli},
  Timestamp                = {2014.12.10}
}

@Article{Okada-IJT-1999,
  Title                    = {{Surface Tension of HFC Refrigerant Mixtures}},
  Author                   = {M. Okada and T. Shibata and Y. Sato and Y. Higashi},
  Journal                  = {Int. J. Thermophys.},
  Year                     = {1999},
  Number                   = {1},
  Pages                    = {119-127},
  Volume                   = {20},

  Owner                    = {Belli},
  Timestamp                = {2014.12.08}
}

@Article{Olchowy-IJT-1989,
  Title                    = {{A Simplified Representation for the Thermal Conductivity of Fluids in the Critical Region}},
  Author                   = {G. A. Olchowy and J. V. Sengers},
  Journal                  = {Int. J. Thermophys.},
  Year                     = {1989},
  Number                   = {2},
  Pages                    = {417-426},
  Volume                   = {10},

  Owner                    = {Belli},
  Timestamp                = {2013.05.27}
}

@Unpublished{OrtizVega-2010,
  Title                    = {{Equation of state for Helium}},
  Author                   = {D.O. Ortiz-Vega and K.R. Hall and V.D. Arp and E.W. Lemmon},
  Note                     = {Unpublished - coefficients from REPROP with permission},
  Year                     = {2013},

  Owner                    = {Belli},
  Timestamp                = {2013.08.05}
}

@Article{Outcalt-JPCRD-1996-R152A,
  Title                    = {{A Modified Benedict-Webb-Rubin Equation of State for the Thermodynamic Properties of R152a (1,1-difluoroethane)}},
  Author                   = {Stephanie L. Outcalt and Mark O. McLinden},
  Journal                  = {J. Phys. Chem. Ref. Data},
  Year                     = {1996},
  Number                   = {2},
  Pages                    = {605-636},
  Volume                   = {25},

  Owner                    = {Belli},
  Timestamp                = {2014.10.02}
}

@Article{Patek2006,
  Title                    = {{A computationally effective formulation of the thermodynamic properties of LiBr-H2O solutions from 273 to 500 K over full composition range}},
  Author                   = {Jaroslav P\'atek and Jaroslav Klomfar},
  Journal                  = {International Journal of Refrigeration},
  Year                     = {2006},

  Month                    = {June},
  Number                   = {4},
  Pages                    = {566--578},
  Volume                   = {29},

  Doi                      = {10.1016/j.ijrefrig.2005.10.007},
  Owner                    = {jowr},
  Timestamp                = {2013.11.22}
}

@Article{Pan-FPE-2012,
  Title                    = {{An equation of state for the thermodynamic properties of 1,1,1,3,3,3-hexafluoropropane (HFC-236fa)}},
  Author                   = {Jiang Pan and Xinfang Rui and Xiaodong Zhao and Liming Qiu},
  Journal                  = {Fluid Phase Equilib.},
  Year                     = {2012},
  Pages                    = {10-16},
  Volume                   = {321},

  Owner                    = {Belli},
  Timestamp                = {2013.04.10}
}

@Article{Peng-IECF-1976,
  Title                    = {{A New Two-Constant Equation of State}},
  Author                   = {Ding-Yu Peng and Donald B. Robinson},
  Journal                  = {Ind. Eng. Chem. Fundamen.},
  Year                     = {1976},
  Number                   = {1},
  Pages                    = {59-64},
  Volume                   = {15},

  Owner                    = {Belli},
  Timestamp                = {2013.07.07}
}

@Article{Penoncello-IJT-1995,
  Title                    = {{A Thermodynamic Property Formulation for Cyclohexane}},
  Author                   = {S. G. Penoncello and R. T Jacobsen and A. R. H. Goodwin},
  Journal                  = {Int. J. Thermophys.},
  Year                     = {1995},
  Number                   = {2},
  Pages                    = {519-531},
  Volume                   = {16},

  Owner                    = {Belli},
  Timestamp                = {2013.04.08}
}

@Article{Penoncello-JPCRD-2003,
  Title                    = {{A Fundamental Equation for Trifluoromethane (R-23)}},
  Author                   = {Steven G. Penoncello and Eric W. Lemmon and Richard T Jacobsen and Zhengjun Shan},
  Journal                  = {J. Phys. Chem. Ref. Data},
  Year                     = {2003},
  Number                   = {4},
  Pages                    = {1473-1499},
  Volume                   = {32},

  Owner                    = {Belli},
  Timestamp                = {2013.04.09}
}

@Article{Perkins-JCED-2002-Isobutane,
  Title                    = {{Measurement and Correlation of the Thermal Conductivity of Isobutane from 114 K to 600 K at Pressures to 70 MPa}},
  Author                   = {R.A. Perkins},
  Journal                  = {J. Chem. Eng. Data},
  Year                     = {2002},
  Number                   = {5},
  Pages                    = {1272-1279},
  Volume                   = {47},

  Owner                    = {Belli},
  Timestamp                = {2013.04.08}
}

@Article{Perkins-JCED-2011,
  Title                    = {{Measurement and Correlation of the Thermal Conductivity of 2,3,3,3-Tetrafluoroprop-1-ene (R1234yf) and trans-1,3,3,3-Tetrafluoropropene (R1234ze(E))}},
  Author                   = {Richard A. Perkins and Marcia L. Huber},
  Journal                  = {J. Chem. Eng. Data},
  Year                     = {2011},
  Pages                    = {4868-4874},
  Volume                   = {56},

  Owner                    = {Belli},
  Timestamp                = {2013.04.09}
}

@Article{Perkins-JCED-2006,
  Title                    = {{Measurement and Correlation of the Thermal Conductivity of Pentafluoroethane (R125) from 190 K to 512 K at Pressures to 70 MPa}},
  Author                   = {Richard A. Perkins and Marcia L. Huber},
  Journal                  = {J. Chem. Eng. Data},
  Year                     = {2006},
  Pages                    = {898-904},
  Volume                   = {51},

  Owner                    = {Belli},
  Timestamp                = {2013.04.13}
}

@Article{Perkins-JCED-2002-nButane,
  Title                    = {{Measurement and Correlation of the Thermal Conductivity of Butane from 135 K to 600 K at Pressures to 70 MPa}},
  Author                   = {R.A. Perkins and M.L.V. Ramires and C.A. Nieto de Castro and L. Cusco},
  Journal                  = {J. Chem. Eng. Data},
  Year                     = {2002.},
  Number                   = {5},
  Pages                    = {1263-1271},
  Volume                   = {47},

  Owner                    = {Belli},
  Timestamp                = {2013.04.08}
}

@Article{Piazza-FPE-2013,
  Title                    = {{An equation of state for methanol including the association term of SAFT}},
  Author                   = {L. Piazza and R. Span},
  Journal                  = {Fluid Phase Equilib.},
  Year                     = {2013},
  Pages                    = {12-24},
  Volume                   = {349},

  Owner                    = {Belli},
  Timestamp                = {2014.02.02}
}

@Article{Piazza-FPE-2011,
  Title                    = {{An equation of state for acetic acid including the association term of SAFT}},
  Author                   = {L. Piazza and R. Span},
  Journal                  = {Fluid Phase Equilib.},
  Year                     = {2011},
  Pages                    = {134-149},
  Volume                   = {303},

  Owner                    = {Belli},
  Timestamp                = {2014.02.27}
}

@Book{Platzer-BOOK-1990,
  Title                    = {{Thermophysical Properties of Refrigerants}},
  Author                   = {B. Platzer and A. Polt and G. Maurer},
  Publisher                = {Springer-Verlag},
  Year                     = {1990},

  Owner                    = {Belli},
  Timestamp                = {2013.05.20}
}

@Book{Poling-BOOK-2001,
  Title                    = {{The Properties of Gases and Liquids, 5th edition}},
  Author                   = {Bruce E. Poling and John M. Prausnitz and John P. O'Connell},
  Publisher                = {McGraw Hill},
  Year                     = {2001},

  Owner                    = {Belli},
  Timestamp                = {2013.04.08}
}

@Article{Polt-CT-1992,
  Title                    = {{Parameter der thermischen Zustandsgleichung von Bender f{\"u}r 14 mehratomige reine Stoffe}},
  Author                   = {Axel Polt and Bernhard Platzer and Gerd Maurer},
  Journal                  = {Chem. Technik},
  Year                     = {1992},
  Pages                    = {216-224},
  Volume                   = {22},

  Owner                    = {Belli},
  Timestamp                = {2013.04.29}
}

@InBook{Preisegger2010,
  Title                    = {{VDI Heat Atlas}},
  Author                   = {Ewald Preisegger and Felix Flohr and Gernot Krakat and Andreas Gl{\"u}ck and Dietmar Hunold},
  Chapter                  = {D4 Properties of Industrial Heat Transfer Media},
  Editor                   = {Peter Stephan},
  Pages                    = {419--512},
  Publisher                = {Springer},
  Year                     = {2010},

  Address                  = {Berlin Heidelberg},
  Edition                  = {2nd},

  Doi                      = {10.1007/978-3-540-77877-6_20},
  Owner                    = {jowr},
  Timestamp                = {2013.06.18}
}

@Article{QuinonesCisneros-JPCRD-2012,
  Title                    = {{Correlation for the Viscosity of Sulfur Hexafluoride (SF6) from the Triple Point to 1000 K and Pressures to 50 MPa}},
  Author                   = {S.E. Qui{\~n}ones-Cisneros and M.L. Huber and U.K. Deiters},
  Journal                  = {J. Phys. Chem. Ref. Data},
  Year                     = {2012},
  Number                   = {2},
  Pages                    = {023102-1:11},
  Volume                   = {41},

  Owner                    = {Belli},
  Timestamp                = {2013.04.08}
}

@Article{QuinonesCisneros-JCED-2012,
  Title                    = {{Reference Correlation for the Viscosity Surface of Hydrogen Sulfide}},
  Author                   = {Sergio E. Qui{\~n}ones-Cisneros and Kurt A. G. Schmidt and Binod R. Giri and Pierre Blais and Robert A. Marriott},
  Journal                  = {J. Chem. Eng. Data},
  Year                     = {2012},
  Pages                    = {3014-3018},
  Volume                   = {57},

  Owner                    = {Belli},
  Timestamp                = {2013.04.14}
}

@Article{QuinonesCisneros-FPE-2001,
  Title                    = {{One parameter friction theory models for viscosity}},
  Author                   = {Sergio E. Qui{\~n}ones-Cisneros and Claus K. Z{\'e}berg-Mikkelsen and Erling H. Stenby},
  Journal                  = {Fluid Phase Equilib.},
  Year                     = {2001},
  Pages                    = {1-16},
  Volume                   = {176},

  Owner                    = {Belli},
  Timestamp                = {2013.07.07}
}

@Article{QuinonesCisneros-FPE-2000,
  Title                    = {{The friction theory (f-theory) for viscosity modeling}},
  Author                   = {Sergio E. Qui{\~n}ones-Cisneros and Claus K. Zeberg-Mikkelsen and Erling H. Stenby},
  Journal                  = {Fluid Phase Equilib.},
  Year                     = {2000},
  Pages                    = {249-276},
  Volume                   = {169},

  Owner                    = {Belli},
  Timestamp                = {2013.07.07}
}

@Article{Reeves-JCP-1964,
  Title                    = {{Melting Curves of Pressure Transmitting Fluids}},
  Author                   = {Larry E. Reeves and Gene J. Scott and Stanley E. Babb Jr.},
  Journal                  = {J. Chem. Phys.},
  Year                     = {1964},
  Pages                    = {3662-3666},
  Volume                   = {40},

  Owner                    = {Belli},
  Timestamp                = {2014.10.02}
}

@Book{deReuck-BOOK-1990,
  Title                    = {{Fluorine: International Thermodynamic Tables of the Fluid State - 11}},
  Author                   = {K.M. de Reuck},
  Publisher                = {Blackwell Scientific Publications},
  Year                     = {1990},

  Owner                    = {Belli},
  Timestamp                = {2013.05.17}
}

@Book{deReuck-BOOK-1993,
  Title                    = {{Methanol: International Thermodynamic Tables of the Fluid State - 12}},
  Author                   = {K.M. de Reuck and R.J.B. Craven},
  Publisher                = {Blackwell Scientific Publications},
  Year                     = {1993},

  Owner                    = {Belli},
  Timestamp                = {2013.05.17}
}

@Article{Richardson-JPCRD-2013,
  Title                    = {{Fundamental Equation of State for Deuterium}},
  Author                   = {I.A. Richardson and J.W. Leachman and E.W. Lemmon},
  Journal                  = {J. Phys. Chem. Ref. Data},
  Year                     = {2013},
  Volume                   = {In Press},

  Owner                    = {Belli},
  Timestamp                = {2013.07.28}
}

@Article{Richter-JCED-2011,
  Title                    = {{Thermodynamic Properties of 2,3,3,3-Tetrafluoroprop-1-ene (R1234yf): Vapor Pressure and p-rho-T Measurements and an Equation of State}},
  Author                   = {M. Richter and M.O. McLinden and E.W. Lemmon},
  Journal                  = {J. Chem. Eng. Data},
  Year                     = {2011},
  Pages                    = {3254-3264},
  Volume                   = {56},

  Owner                    = {Belli},
  Timestamp                = {2013.04.08}
}

@Article{Rui-FPE-2013,
  Title                    = {{An equation of state for the thermodynamic properties of 1,1,1,2,3,3-hexafluoropropane (R236ea)}},
  Author                   = {Xinfang Rui and Jiang Pan and Yugang Wang},
  Journal                  = {Fluid Phase Equilib.},
  Year                     = {2013},
  Pages                    = {78-85},
  Volume                   = {341},

  Comment                  = {Erratum in paper: a1 should be -17.5983849 and a2 should be 8.87150449},
  Owner                    = {Belli},
  Timestamp                = {2013.04.10}
}

@Article{SantamariaPerez-PRB-2010,
  Title                    = {{High-pressure melting curve of helium and neon: Deviations from corresponding states theory}},
  Author                   = {David Santamar{\'i}a-P{\'e}rez and Goutam Dev Mukherjee and Beate Schwager and Reinhard Boehler},
  Journal                  = {Physical Review B},
  Year                     = {2010},
  Pages                    = {214101:1-5},
  Volume                   = {81},

  Owner                    = {Belli},
  Timestamp                = {2014.06.09}
}

@Article{Scalabrin-JPCRD-2006-CO2,
  Title                    = {{A Reference Multiparameter Thermal Conductivity Equation for Carbon Dioxide with an Optimized Functional Form}},
  Author                   = {G. Scalabrin and P. Marchi and F. Finezzo and R. Span},
  Journal                  = {J. Phys. Chem. Ref. Data},
  Year                     = {2006},
  Number                   = {4},
  Pages                    = {1549-1575},
  Volume                   = {35},

  Owner                    = {Belli},
  Timestamp                = {2014.05.30}
}

@Book{Schmidt1979,
  Title                    = {{Properties of Water and Steam in SI-Units}},
  Author                   = {Ernst Schmidt},
  Publisher                = {Springer},
  Year                     = {1979},
  Edition                  = {2nd},

  Owner                    = {jowr},
  Timestamp                = {2014.09.22}
}

@MastersThesis{Schroeder-MSTHESIS-2011,
  Title                    = {{A New Fundamental Equation for Ethanol}},
  Author                   = {Jacob Armin Schroeder},
  School                   = {University of Idaho},
  Year                     = {2011},

  Owner                    = {Belli},
  Timestamp                = {2013.04.13}
}

@Article{Setzmann-JPCRD-1991,
  Title                    = {{A New Equation of State and Tables of Thermodynamic Properties for Methane Covering the Range from the Melting Line to 625 K at Pressures up to 1000 MPa}},
  Author                   = {U. Setzmann and W. Wagner},
  Journal                  = {J. Phys. Chem. Ref. Data},
  Year                     = {1991},
  Number                   = {6},
  Pages                    = {1061-1151},
  Volume                   = {20},

  Owner                    = {Belli},
  Timestamp                = {2013.04.08}
}

@Article{Shan-ASHRAE-2000,
  Title                    = {{A Generalized Model for Viscosity and Thermal Conductivity of Trifluoromethane (R-23)}},
  Author                   = {Zhengjun Shan and Steven G. Penoncello and Richard T. Jacobsen},
  Journal                  = {ASHRAE Transactions},
  Year                     = {2000},
  Pages                    = {DA-00-10-2},

  Owner                    = {Belli},
  Timestamp                = {2013.04.29}
}

@Manual{Skovrup2013,
  Title                    = {{SecCool Properties v1.33}},
  Author                   = {Morten Juel Skovrup},
  Organization             = {IPU Refrigeration and Energy Technology},
  Year                     = {2013},

  Owner                    = {jowr},
  Timestamp                = {2014.09.17},
  Url                      = {http://en.ipu.dk/Indhold/refrigeration-and-energy-technology/seccool.aspx}
}

@TechReport{Skovrup1999,
  Title                    = {{Beregning af termodynamiske st{\o}rrelser for k{\o}lemidler -- Tilstandsligninger for rene stoffer og blandinger}},
  Author                   = {Morten Juel Skovrup},
  Institution              = {{Institut for Energiteknik, Danmarks Tekniske Universitet}},
  Year                     = {1999},

  Owner                    = {jowr},
  Timestamp                = {2014.12.17}
}

@Article{Smukala-JPCRD-2000,
  Title                    = {{New Equation of State for Ethylene Covering the Fluid Region for Temperatures From the Melting Line to 450 K at Pressures up to 300 MPa}},
  Author                   = {J. Smukala and R. Span and W. Wagner},
  Journal                  = {J. Phys. Chem. Ref. Data},
  Year                     = {2000},
  Number                   = {5},
  Pages                    = {1053-1121},
  Volume                   = {29},

  Owner                    = {Belli},
  Timestamp                = {2013.04.08}
}

@Article{Span-JPCRD-2000,
  Title                    = {{A Reference Equation of State for the Thermodynamic Properties of Nitrogen for Temperatures from 63.151 to 1000 K and Pressures to 2200 MPa}},
  Author                   = {Roland Span and Eric W. Lemmon and Richard T. Jacobsen and Wolfgang Wagner and Akimichi Yokozeki},
  Journal                  = {J. Phys. Chem. Ref. Data},
  Year                     = {2000},
  Pages                    = {1361-1433},
  Volume                   = {29},

  File                     = {:D\:\\My_Documents\\Library\\Papers\\Span Lemmon et al 2000.pdf:PDF},
  Keywords                 = {EOS},
  Owner                    = {Belli},
  Timestamp                = {2013.04.08}
}

@Article{Span-IJT-2003B,
  Title                    = {{Equations of State for Technical Applications. II. Results for Nonpolar Fluids}},
  Author                   = {R. Span and W. Wagner},
  Journal                  = {Int. J. Thermophys.},
  Year                     = {2003},
  Pages                    = {41-109},
  Volume                   = {24},

  Owner                    = {Belli},
  Timestamp                = {2013.04.08}
}

@Article{Span-IJT-2003C,
  Title                    = {{Equations of State for Technical Applications. III. Results for Polar Fluids}},
  Author                   = {R. Span and W. Wagner},
  Journal                  = {Int. J. Thermophys.},
  Year                     = {2003},
  Pages                    = {111-162},
  Volume                   = {24},

  Owner                    = {Belli},
  Timestamp                = {2013.04.08}
}

@Article{Span-JPCRD-1996,
  Title                    = {{A New Equation of State for Carbon Dioxide Covering the Fluid Region from the Triple Point Temperature to 1100 K at Pressures up to 800 MPa}},
  Author                   = {R. Span and W. Wagner},
  Journal                  = {J. Phys. Chem. Ref. Data},
  Year                     = {1996},
  Pages                    = {1509-1596},
  Volume                   = {25},

  Owner                    = {Belli},
  Timestamp                = {2013.04.08}
}

@Article{Span-FPE-2001,
  Title                    = {{Multiparameter equations of state - recent trends and future challenges}},
  Author                   = {R. Span and W. Wagner and E.W. Lemmon and R.T. Jacobsen},
  Journal                  = {Fluid Phase Equilib.},
  Year                     = {2001},
  Pages                    = {1-20},
  Volume                   = {183-184},

  Owner                    = {Belli},
  Timestamp                = {2013.08.18}
}

@Article{Stewart-JPCRD-1991,
  Title                    = {{Thermodynamic Properties of Oxygen from the Triple Point to 300 K with Pressures to 80 MPa}},
  Author                   = {Richard B. Stewart and Richard T. Jacobsen and W. Wagner},
  Journal                  = {J. Phys. Chem. Ref. Data},
  Year                     = {1991},
  Number                   = {5},
  Pages                    = {917-1021},
  Volume                   = {20},

  Owner                    = {Belli},
  Timestamp                = {2013.04.08}
}

@Article{Sun-BBPC-1988,
  Title                    = {{Accurate Measurement of the Melting Line of Methanol and Ethanol at Pressures up to 270 MPa}},
  Author                   = {T. F. Sun and J. A. Schouten and N. J. Trappeniers and S. N. Biswas},
  Journal                  = {Ber. Bunsenges. Phys. Chem.},
  Year                     = {1988},
  Pages                    = {652--655},
  Volume                   = {92},

  Owner                    = {Belli},
  Timestamp                = {2014.07.07}
}

@Article{Tanaka-IJT-1996,
  Title                    = {{Thermal Conductivity and Viscosity of 2,2-Dichloro-1,1,1-Trifluoroethane (HCFC-123)}},
  Author                   = {Y. Tanaka and T. Sotani},
  Journal                  = {Int. J. Thermophys.},
  Year                     = {1996},
  Number                   = {2},
  Pages                    = {293-328},
  Volume                   = {17},

  Owner                    = {Belli},
  Timestamp                = {2013.04.13}
}

@Article{Tariq-JPCRD-2014-Cyclohexane,
  Title                    = {{Reference Correlation of the Viscosity of Cyclohexane from the Triple Point to 700 K and up to 110 MPa}},
  Author                   = {U. Tariq and A. R. B. Jusoh and N. Riesco and V. Vesovic},
  Journal                  = {J. Phys. Chem. Ref. Data},
  Year                     = {2014},
  Number                   = {3},
  Pages                    = {033101-1:18},
  Volume                   = {43},

  Owner                    = {Belli},
  Timestamp                = {2014.08.21}
}

@Article{Tegeler-JPCRD-1999,
  Title                    = {{A New Equation of State for Argon Covering the Fluid Region for Temperatures From the Melting Line to 700 K at Pressures up to 1000 MPa}},
  Author                   = {Ch. Tegeler and R. Span and W. Wagner},
  Journal                  = {J. Phys. Chem. Ref. Data},
  Year                     = {1999},
  Pages                    = {779-850},
  Volume                   = {28},

  Owner                    = {Belli},
  Timestamp                = {2013.04.08}
}

@Article{Thol-UNPUBLISHED-2013-MM,
  Title                    = {{An Equation of State for MM}},
  Author                   = {Monika Thol},
  Journal                  = {To be published},
  Year                     = {2015},

  Owner                    = {Belli},
  Timestamp                = {2014.11.21}
}

@Article{Thol-HTHP-2012,
  Title                    = {{Equation of state for benzene for temperatures from the melting line up to 725 K with pressures up to 500 MPa}},
  Author                   = {M. Thol and E.W. Lemmon and R. Span},
  Journal                  = {High Temperatures-High Pressures},
  Year                     = {2012},
  Pages                    = {81-97},
  Volume                   = {41},

  Owner                    = {Belli},
  Timestamp                = {2013.04.10}
}

@Unpublished{Thol-2012,
  Title                    = {{Equation of State for a Refrigerant Mixture of R365mfc (1,1,1,3,3-Pentafluorobutane) and Galden HT 55 (Perfluoropolyether)}},
  Author                   = {Monika Thol and Eric W. Lemmon and Roland Span},
  Note                     = {Unpublished},
  Year                     = {2012},

  Owner                    = {Belli},
  Timestamp                = {2013.08.05}
}

@Article{Thorade-EES-2013,
  Title                    = {{Partial derivatives of thermodynamic state properties for dynamic simulation}},
  Author                   = {Thorade, Matthis and Saadat, Ali},
  Journal                  = {Environmental Earth Sciences},
  Year                     = {2013},

  Month                    = apr,

  Doi                      = {10.1007/s12665-013-2394-z},
  ISSN                     = {1866-6280},
  Keywords                 = {defined by specifying any,energy \'{a} partial derivatives,in fluid cycle,nation of two independent,other combi-,state can also be,state properties,thermodynamic properties \'{a} helmholtz,\'{a} dynamic simulation},
  Owner                    = {jowr},
  Timestamp                = {2013.05.01},
  Url                      = {http://link.springer.com/10.1007/s12665-013-2394-z}
}

@Article{TillnerRoth-IJT-1995,
  Title                    = {{A Fundamental Equation of State for 1,1-Difluoroethane (HFC-152a)}},
  Author                   = {R. Tillner-Roth},
  Journal                  = {Int. J. Thermophys.},
  Year                     = {1995},
  Number                   = {1},
  Pages                    = {91-100},
  Volume                   = {16},

  Owner                    = {Belli},
  Timestamp                = {2013.04.08}
}

@Article{TillnerRoth-JPCRD-1994,
  Title                    = {{A International Standard Formulation for the Thermodynamic Properties of 1,1,1,2-Tetrafluoroethane (HFC-134a) for Temperatures from 170 K to 455 K and Pressures up to 70 MPa}},
  Author                   = {Reiner Tillner-Roth and Hans Dieter Baehr},
  Journal                  = {J. Phys. Chem. Ref. Data},
  Year                     = {1994},
  Pages                    = {657-729},
  Volume                   = {23},

  Owner                    = {Belli},
  Timestamp                = {2013.04.08}
}

@InProceedings{TillnerRoth-DKV-1993,
  Title                    = {{Eine neue Fundamentalgleichung fur Ammoniak (A new Fundamental Equation of State for Ammonia)}},
  Author                   = {R. Tillner-Roth and F. Harms-Watzenberg and H.D. Baehr},
  Booktitle                = {Deutscher Kaelte- und Klimatechnischer Verein Tagung 1993},
  Year                     = {1993},

  Journal                  = {Deutscher Kaelte- und Klimatechnischer Verein Tagung 1993},
  Owner                    = {Belli},
  Timestamp                = {2013.04.08}
}

@Article{TillnerRoth-JPCRD-1997,
  Title                    = {{An international standard equation of state for difluoromethane (R-32) for temperatures from the triple point at 136.34 K to 435 K and pressures up to 70 MPa}},
  Author                   = {R. Tillner-Roth and A. Yokozeki},
  Journal                  = {J. Phys. Chem. Ref. Data},
  Year                     = {1997},
  Number                   = {6},
  Pages                    = {1273-1328},
  Volume                   = {26},

  Owner                    = {Belli},
  Timestamp                = {2013.04.08}
}

@Article{Tufeu-BBPC-1984,
  Title                    = {{Thermal Conductivity of Ammonia in a Large Temperature and Pressure Range Including the Critical Region}},
  Author                   = {R. Tufeu and D.Y. Ivanov and Y. Garrabos and B. Le Neindre},
  Journal                  = {Bereicht der Bunsengesellschaft Phys. Chem.},
  Year                     = {1984},
  Pages                    = {422-427},
  Volume                   = {88},

  Owner                    = {Belli},
  Timestamp                = {2013.04.08}
}

@Article{Vesovic-JPCRD-1990,
  Title                    = {{The Transport Properties of Carbon Dioxide}},
  Author                   = {V. Vesovic and W.A. Wakeham and G.A. Olchowy and J.V. Sengers and J.T.R. Watson and J. Millat},
  Journal                  = {J. Phys. Chem. Ref. Data},
  Year                     = {1990},
  Pages                    = {763--808},
  Volume                   = {19},

  Owner                    = {Belli},
  Timestamp                = {2013.04.08}
}

@Article{Vogel-JPCRD-1998,
  Title                    = {{Reference Correlation of the Viscosity of Propane}},
  Author                   = {E. Vogel and C. K{\"u}chenmeister and E. Bich and A. Laesecke},
  Journal                  = {J. Phys. Chem. Ref. Data},
  Year                     = {1998},
  Note                     = {5},
  Pages                    = {947-970},
  Volume                   = {27},

  Owner                    = {Belli},
  Timestamp                = {2013.04.08}
}

@Article{Vogel-IJT-2000,
  Title                    = {{Viscosity Correlation for Isobutane over Wide Ranges of the Fluid Region}},
  Author                   = {E. Vogel and C. Kuechenmeister and E. Bich},
  Journal                  = {Int. J. Thermophys},
  Year                     = {2000},
  Number                   = {2},
  Pages                    = {343-356},
  Volume                   = {21},

  Owner                    = {Belli},
  Timestamp                = {2013.04.08}
}

@Article{Vogel-HTHP-1999,
  Title                    = {{Viscosity for n-Butane in the Fluid Region}},
  Author                   = {E. Vogel and C. Kuechenmeister and E. Bich},
  Journal                  = {High Temp. - High Pressures},
  Year                     = {1999},
  Number                   = {2},
  Pages                    = {173-186},
  Volume                   = {31},

  Owner                    = {Belli},
  Timestamp                = {2013.04.08}
}

@InProceedings{deVries-ICR-1995,
  Title                    = {{Thermodynamic Properties of HCFC 124}},
  Author                   = {B. de Vries and R. Tillner-Roth and H.D. Baehr},
  Booktitle                = {19th International Congress of Refrigeration, The Hague, The Netherlands},
  Year                     = {1995},
  Pages                    = {582-589},

  Owner                    = {Belli},
  Timestamp                = {2013.05.01}
}

@Article{Wagner-JPCRD-2002,
  Title                    = {{The IAPWS Formulation 1995 for the Thermodynamic Properties of Ordinary Water Substance for General and Scientific Use}},
  Author                   = {W. Wagner and A. Pruss},
  Journal                  = {J. Phys. Chem. Ref. Data},
  Year                     = {2002},
  Pages                    = {387--535},
  Volume                   = {31},

  Owner                    = {Belli},
  Timestamp                = {2013.04.08}
}

@Article{Wu-IJT-2012,
  Title                    = {{An Equation of State for Fluoroethane (R161)}},
  Author                   = {Jiangtao Wu and Yong Zhou},
  Journal                  = {Int. J. Thermophys.},
  Year                     = {2012},
  Pages                    = {220-234},
  Volume                   = {33},

  Doi                      = {10.1007/s10765-011-1151-3},
  Owner                    = {Belli},
  Timestamp                = {2014.01.22}
}

@Article{Wu-JPCRD-2011,
  Title                    = {{An Equation of State for the Thermodynamic Properties of Dimethyl Ether}},
  Author                   = {Jiangtao Wu and Yong Zhou and Eric W. Lemmon},
  Journal                  = {J. Phys. Chem. Ref. Data},
  Year                     = {2011},
  Number                   = {2},
  Pages                    = {023104-1:16},
  Volume                   = {40},

  Owner                    = {Belli},
  Timestamp                = {2013.04.09}
}

@Article{Xiang-JPCRD-2006,
  Title                    = {{A New Reference Correlation for the Viscosity of Methanol}},
  Author                   = {Hong Wei Xiang and Arno Laesecke and Marcia L. Huber},
  Journal                  = {J. Phys. Chem. Ref. Data},
  Year                     = {2006},
  Number                   = {4},
  Pages                    = {1597-1:24},
  Volume                   = {35},

  Owner                    = {Belli},
  Timestamp                = {2014.08.26}
}

@Article{Younglove-JPCRD-1994,
  Title                    = {{An International Standard Equation of State for the Thermodynamic Properties of Refrigerant 123 (2,2-Dichloro-1,1,1-Trifluoroethane)}},
  Author                   = {Ben A. Younglove},
  Journal                  = {J. Phys. Chem. Ref. Data},
  Year                     = {1994},
  Number                   = {5},
  Pages                    = {731-779},
  Volume                   = {23},

  Owner                    = {Belli},
  Timestamp                = {2013.04.08}
}

@TechReport{Younglove-NIST-1982,
  Title                    = {{Thermophysical properties of fluids. I. Argon, ethylene, parahydrogen, nitrogen, nitrogen trifluoride, and oxygen}},
  Author                   = {Younglove, Ben A},
  Institution              = {DTIC Document},
  Year                     = {1982}
}

@TechReport{Zavoico2001,
  Title                    = {{Solar Power Tower Design Basis Document}},
  Author                   = {Alexis B. Zavoico},
  Institution              = {Sandia National Laboratories},
  Year                     = {2001},
  Month                    = {July},

  Owner                    = {jowr},
  Timestamp                = {2013.10.23},
  Url                      = {http://prod.sandia.gov/techlib/access-control.cgi/2001/012100.pdf}
}

@Article{Zhou-JPCRD-2014,
  Title                    = {{An Equation of State for the Thermodynamic Properties of Cyclohexane}},
  Author                   = {Yong Zhou and Jun Liu and Steven G. Penoncello and Eric W. Lemmon},
  Journal                  = {J. Phys. Chem. Ref. Data},
  Year                     = {2014},
  Pages                    = {043105-1:12},
  Volume                   = {43},

  Abstract                 = {Erratum: Reference values for enthalpy and entropy in the homogeneous phase are incorrect as published},
  Owner                    = {Belli},
  Timestamp                = {2014.12.06}
}

@Article{Zhou-JPCRD-2012,
  Title                    = {{Thermodynamic Properties of o-Xylene, m-Xylene, p-Xylene, and Ethylbenzene}},
  Author                   = {Yong Zhou and Jiangtao Wu and Eric W. Lemmon},
  Journal                  = {J. Phys. Chem. Ref. Data},
  Year                     = {2012},
  Number                   = {2},
  Pages                    = {023103-1 -- 023103-26},
  Volume                   = {41},

  Owner                    = {Belli},
  Timestamp                = {2013.04.08}
}

@Article{Zhou-JPCRD-2011,
  Title                    = {{Thermodynamic Properties of Dimethyl Carbonate}},
  Author                   = {Yong Zhou and Jiangtao Wu and Eric W. Lemmon},
  Journal                  = {J. Phys. Chem. Ref. Data},
  Year                     = {2011},
  Number                   = {4},
  Pages                    = {043106-1:11},
  Volume                   = {40},

  Owner                    = {Belli},
  Timestamp                = {2013.04.09}
}

@Manual{Dynalene2014,
  Title                    = {{Technical Data Sheet}},
  Organization             = {{Dynalene Inc.}},
  Year                     = {2014},

  Owner                    = {jowr},
  Timestamp                = {2014.09.22}
}

@Manual{Therminol2014,
  Title                    = {{Therminol Heat Transfer Reference Disk v5.1}},
  Organization             = {{Eastman Chemical Company}},
  Year                     = {2014},

  Owner                    = {jowr},
  Timestamp                = {2014.09.17},
  Url                      = {http://www.therminol.com/resources/therminol-reference-disk}
}

@Manual{Paratherm2013,
  Title                    = {{Thermal Properties Calculator v6.4}},
  Organization             = {{Paratherm Ltd.}},
  Year                     = {2013},

  Owner                    = {jowr},
  Timestamp                = {2014.09.22},
  Url                      = {http://paracalc.paratherm.com}
}

@Manual{Arteco2010,
  Title                    = {{Technical Information}},
  Organization             = {{Arteco NV/SA}},
  Year                     = {2010},

  Owner                    = {jowr},
  Timestamp                = {2014.09.22}
}

@Manual{3M2007,
  Title                    = {{Technical Information}},
  Organization             = {{3M Company}},
  Year                     = {2007},

  Owner                    = {jowr},
  Timestamp                = {2014.09.22}
}

@Manual{PKS2005,
  Title                    = {{Technical Data Sheet}},
  Organization             = {{pro K{\"u}hlsole GmbH}},
  Year                     = {2005},

  Owner                    = {jowr},
  Timestamp                = {2014.09.22}
}

@Manual{Chevron2004,
  Title                    = {{Technical Data Sheet}},
  Organization             = {{Chevron Products Company}},
  Year                     = {2004},

  Owner                    = {jowr},
  Timestamp                = {2014.09.22}
}

@Manual{Aspen2001,
  Title                    = {{Technical Data Sheet}},
  Organization             = {{Aspen Petroleum AB}},
  Year                     = {2001},

  Owner                    = {jowr},
  Timestamp                = {2014.09.22}
}

@Manual{Clariant2000,
  Title                    = {{Technical Data Sheet}},
  Organization             = {{Clariant GmbH}},
  Year                     = {2000},

  Owner                    = {jowr},
  Timestamp                = {2014.09.22}
}

@Manual{Hydro2000,
  Title                    = {{Technical Information}},
  Organization             = {{Hydro Chemicals}},
  Year                     = {2000},

  Owner                    = {jowr},
  Timestamp                = {2014.09.22}
}

@Manual{Sulzer1999,
  Title                    = {{Technical Information}},
  Organization             = {{Sulzer Chemtech AG}},
  Year                     = {1999},

  Owner                    = {jowr},
  Timestamp                = {2014.09.22}
}

@Manual{Tyfoprop1999,
  Title                    = {{Technical Information}},
  Organization             = {{Tyforop Chemie Gmbh}},
  Year                     = {1999},

  Owner                    = {jowr},
  Timestamp                = {2014.09.22}
}

@Manual{Kemira1998,
  Title                    = {{Technical Data Sheet}},
  Organization             = {{Kemira Chemicals OY}},
  Year                     = {1998},

  Owner                    = {jowr},
  Timestamp                = {2014.09.22}
}

@Manual{Dow1997,
  Title                    = {{Technical Data Sheet}},
  Organization             = {{The Dow Chemical Company}},
  Year                     = {1997},

  Owner                    = {jowr},
  Timestamp                = {2014.09.22}
}

@Manual{Hoechst1995,
  Title                    = {{Technical Information}},
  Organization             = {{Hoechst AG}},
  Year                     = {1995},

  Owner                    = {jowr},
  Timestamp                = {2014.09.22}
}

@comment{jabref-meta: selector_keywords:}

@comment{jabref-meta: selector_journal:}

@comment{jabref-meta: selector_publisher:}

@comment{jabref-meta: selector_author:}

@comment{jabref-meta: selector_review:}

