@String{inst-mit        = "Massachusetts Institute of Technology"}
@String{j-SPE           = "Soft{\-}ware\emdash Prac{\-}tice and Experience"}
@String{pub-ADOBE       = "{Adobe Systems Incorporated}"}
@String{pub-ADOBE:adr   = "1585 Charleston Road, P.~O. Box 7900, Mountain
                           View, CA 94039-7900, USA, Tel: (415) 961-4400"}
@String{pub-CUP         = "Cambridge University Press"}
@String{pub-CUP:adr     = "New York"}
@String{pub-CURSCI        = "Current Science"}
@String{pub-CURSCI:adr    = "34--42 Cleveland Street, London, UK"}
@String{pub-PH          = "Pren{\-}tice-Hall"}
@String{pub-PH:adr      = "Englewood Cliffs, NJ 07632, USA"}

@Article{Chen:1988:IPP,
  author =       "Pehong Chen and Michael A. Harrison",
  title =        "Index Preparation and Processing",
  journal =      j-SPE,
  year =         "1988",
  volume =       "19",
  number =       "9",
  pages =        "897--915",
  month =        sep,
  note =         "The {\LaTeX} text of this paper is included in the
                 {\tt makeindex} software distribution.",
}

@Book{Kahaner:1989:NMS,
  author =       "David Kahaner and Cleve Moler and Stephen Nash",
  title =        "Numerical Methods and Software",
  publisher =    pub-PH,
  address =      pub-PH:adr,
  year =         "1989",
  ISBN =         "0-13-627258-4",
  LCCN =         "TA345 .K341 1989",
  pages =        "xii + 495",
  bibdate =      "Wed Dec 15 10:35:43 1993",
}

@InBook{Fletcher:1987:PMO,
  author =       "R. Fletcher",
  title =        "Practical Methods of Optimization",
  chapter =      "8.7~: {P}olynomial time algorithms",
  pages =        "183--188",
  publisher =    "John Wiley~\&~Sons",
  address =      "New York",
  edition =      "second",
  year =         "1987",
}

@InCollection{Johnson:1987:LDT,
  author =       "Steven C. Johnson and Michael E. Lesk",
  title =        "Language Development Tools",
  booktitle =    "{UNIX} System Readings and Applications",
  publisher =    pub-PH,
  address =      pub-PH:adr,
  year =         "1987",
  pages =        "245--265",
  note =         "Reprinted from {T}he {B}ell {S}ystem {T}echnical
                 {J}ournal, 1978",
}

@InProceedings{Gray:1988:GLA,
  author =       "Robert W. Gray",
  title =        "$\gamma$-{GLA}\emdash A Generator for Lexical
                 Analyzers that Programmers Can Use",
  booktitle =    "Summer USENIX '88",
  year =         "1988",
  pages =        "147--160",
  month =        jun # " 20--24",
}

@Manual{Adobe:1990:ATF,
  author =       pub-ADOBE,
  title =        "Adobe Type 1 Font Format",
  organization = pub-ADOBE,
  address =      pub-ADOBE:adr,
  year =         "1990",
  month =        mar,
  partnumber =   "LPS0064",
}

@Mastersthesis{Adams:1986:DFL,
  title =        "A Dialogue of Forms: Letters and Digital Font Design",
  author =       "Debra Anne Adams",
  year =         "1986",
  month =        sep,
  school =       inst-mit,
  address =      "MIT Microreproduction Lab, 77 Massachusetts Avenue,
                 room 014-0551, Cambridge, MA 02139. \$46.35",
  comments =     "Deriving other characters from the control characters
                 in a typeface. Her work continues at Xerox.",
}

@Misc{Abraxas:1987:P,
  author =       "{Abraxas Software, Inc.}",
  title =        "{PCYACC} 2.0",
  note =         "7033 SW Macadam Ave., Portland, OR 97219.",
  year =         "1987",
}

@Proceedings{Andre:1989:RID,
  title =        "Raster Imaging and Digital Topography",
  year =         "1989",
  editor =       "Jacques Andr{\'e} and Roger Hersch",
  publisher =    pub-CUP,
  ISBN =         "0-521-37490-1",
}

@TechReport{Chen:1987:AIP,
  author =       "Pehong Chen and Michael A. Harrison",
  title =        "Automating Index Preparation",
  institution =  "Computer Science Division, University of California",
  year =         "1987",
  type =         "Technical Report",
  number =       "87/347",
  address =      "Berkeley, CA, USA",
  month =        mar,
  note =         "This is an expanded version of
                 \cite{Chen:SPE-19-9-897}.",
}

@Unpublished{English:1987:UMO,
  title =        "Using {METAFONT} for Original Font Design",
  author =       "Paul M. English",
  month =        aug,
  year =         "1987",
  institution =  "University of Massachusetts at Boston",
}
