%% Test having an entry with capitalized fields.
@CAPITALIZED_FIELD_NAMES{capitalized_field_names,
    AUTHOR="H. Schmidt",
    TITLE="Quantum-mechanical random-number generator",
    JOURNAL={J. Appl. Phys.},
    VOLUME={41},
    NUMBER={2},
    YEAR={1970},
    PAGES={462--468}
}
