@symbol{sym:pi,
   name = "$\pi$",
   description = {A mathematical constant whose value is the ratio of any circle's circumference to its diameter.},
}

@symbol{sym:phi,
   name = "$\phi$",
   description = {An angle.},
}

@symbol{sym:lambda,
   name = "$\lambda$",
   description = {Indicates an eigenvalue in the mathematics  of linear algebra.},
}

@glossary{AD,
   name = {Active Directory},
   description = {The directory service for Windows based networks that allows central organization and administration of any network resource. It allows a single-sign-on concept independent from network topologies or network protocols. As a prerequisite you need a Windows Server acting as Domain Controller. This computer stores all necessary data, e.\,g.~usernames and corresponding passwords.}
}

@glossary{RF,
   name = {Response File},
   description = {A file that allows unattended software installation.}
}

@acronym{JS = "Javascript"}
@acronym{CD = "Compact Disc"}
%@acronym{AD = "Active Directory"}
