@ARTICLE{Tukey:1949:MSFa,
  authorlist = {[{u'middle': u'W.', u'last': u'Tukey', u'first': u'John'}]},
  author = {John W. Tukey},
  acknowledgement = {Nelson H. F. Beebe, University of Utah, Department of Mathematics, 110 LCB, 155 S 1400 E RM 233, Salt Lake City, UT 84112-0090, USA, Tel: +1 801 581 5254, FAX: +1 801 581 4148, e-mail: \path|beebe@math.utah.edu|, \path|beebe@acm.org|, \path|beebe@computer.org| (Internet), URL: \path|http://www.math.utah.edu/~beebe/|},
  journal = {The American Statistician},
  number = {1},
  month = {????},
  volume = {3},
  ASnumber = {22},
  year = {1949},
  pages = {6--17},
  CODEN = {ASTAAJ},
  title = {Memorandum on statistics in the {Federal Government}, {Part I}},
  ISSN-L = {0003-1305},
  ISSN = {0003-1305 (print), 1537-2731 (electronic)},
  bibdate = {Tue May 31 14:45:43 MDT 2011},
  PMnumber = {32},
  bibsource = {http://www.math.utah.edu/pub/bibnet/authors/t/tukey-john-w.bib; http://www.math.utah.edu/pub/tex/bib/amstat.bib},
  fjournal = {The American Statistician}
}

@ARTICLE{Tukey:1986:SS,
  authorlist = {[{u'middle': u'W.', u'last': u'Tukey', u'first': u'John'}]},
  author = {John W. Tukey},
  acknowledgement = {Nelson H. F. Beebe, University of Utah, Department of Mathematics, 110 LCB, 155 S 1400 E RM 233, Salt Lake City, UT 84112-0090, USA, Tel: +1 801 581 5254, FAX: +1 801 581 4148, e-mail: \path|beebe@math.utah.edu|, \path|beebe@acm.org|, \path|beebe@computer.org| (Internet), URL: \path|http://www.math.utah.edu/~beebe/|},
  journal = {The American Statistician},
  number = {??},
  month = {????},
  volume = {40},
  ASnumber = {137},
  year = {1986},
  pages = {72--76},
  CODEN = {ASTAAJ},
  title = {Sunset salvo},
  ISSN-L = {0003-1305},
  ISSN = {0003-1305 (print), 1537-2731 (electronic)},
  bibdate = {Tue May 31 14:45:43 MDT 2011},
  PMnumber = {308},
  bibsource = {http://www.math.utah.edu/pub/bibnet/authors/t/tukey-john-w.bib; http://www.math.utah.edu/pub/tex/bib/amstat.bib},
  fjournal = {The American Statistician}
}

@ARTICLE{Tukey:1985:DPP,
  DOI = {http://dx.doi.org/10.1214/aos/1176349533},
  acknowledgement = {Nelson H. F. Beebe, University of Utah, Department of Mathematics, 110 LCB, 155 S 1400 E RM 233, Salt Lake City, UT 84112-0090, USA, Tel: +1 801 581 5254, FAX: +1 801 581 4148, e-mail: \path|beebe@math.utah.edu|, \path|beebe@acm.org|, \path|beebe@computer.org| (Internet), URL: \path|http://www.math.utah.edu/~beebe/|},
  URL = {http://projecteuclid.org/euclid.aos/1176349533; http://www.jstor.org/stable/2241189},
  journal = {The American Statistician},
  number = {2},
  month = {6},
  volume = {39},
  authorlist = {[{u'middle': u'W.', u'last': u'Tukey', u'first': u'John'}]},
  xxtitle = {Comments on {{\em Projection pursuit}}},
  year = {1985},
  ISSN = {0003-1305 (print), 1537-2731 (electronic)},
  CODEN = {ASTAAJ},
  title = {Discussion: Projection Pursuit},
  ISSN-L = {0003-1305},
  author = {John W. Tukey},
  bibdate = {Sun Jun 05 14:54:48 2011},
  pages = {517--518},
  PMnumber = {286},
  bibsource = {http://www.math.utah.edu/pub/bibnet/authors/t/tukey-john-w.bib; http://www.math.utah.edu/pub/tex/bib/amstat.bib},
  fjournal = {The American Statistician}
}

@ARTICLE{Tukey:1965:TTSb,
  authorlist = {[{u'middle': u'W.', u'last': u'Tukey', u'first': u'John'}]},
  author = {John W. Tukey},
  acknowledgement = {Nelson H. F. Beebe, University of Utah, Department of Mathematics, 110 LCB, 155 S 1400 E RM 233, Salt Lake City, UT 84112-0090, USA, Tel: +1 801 581 5254, FAX: +1 801 581 4148, e-mail: \path|beebe@math.utah.edu|, \path|beebe@acm.org|, \path|beebe@computer.org| (Internet), URL: \path|http://www.math.utah.edu/~beebe/|},
  journal = {The American Statistician},
  number = {2},
  month = {????},
  volume = {19},
  ASnumber = {94},
  year = {1965},
  pages = {23--28},
  CODEN = {ASTAAJ},
  title = {The technical tools of statistics},
  ISSN-L = {0003-1305},
  ISSN = {0003-1305 (print), 1537-2731 (electronic)},
  bibdate = {Tue May 31 14:45:43 MDT 2011},
  PMnumber = {139},
  bibsource = {http://www.math.utah.edu/pub/bibnet/authors/t/tukey-john-w.bib; http://www.math.utah.edu/pub/tex/bib/amstat.bib},
  fjournal = {The American Statistician}
}

@ARTICLE{McGill:1978:VBP,
  authorlist = {[{u'last': u'McGill', u'first': u'R.'}, {u'middle': u'W.', u'last': u'Tukey', u'first': u'John'}, {u'middle': u'A.', u'last': u'Larsen', u'first': u'W.'}]},
  author = {R. McGill and John W. Tukey and W. A. Larsen},
  acknowledgement = {Nelson H. F. Beebe, University of Utah, Department of Mathematics, 110 LCB, 155 S 1400 E RM 233, Salt Lake City, UT 84112-0090, USA, Tel: +1 801 581 5254, FAX: +1 801 581 4148, e-mail: \path|beebe@math.utah.edu|, \path|beebe@acm.org|, \path|beebe@computer.org| (Internet), URL: \path|http://www.math.utah.edu/~beebe/|},
  journal = {The American Statistician},
  number = {??},
  month = {????},
  volume = {32},
  ASnumber = {123},
  year = {1978},
  pages = {12--16},
  CODEN = {ASTAAJ},
  remark = {McCullagh bibliography duplicates this entry.},
  title = {Variations of {Box} plots},
  ISSN-L = {0003-1305},
  ISSN = {0003-1305 (print), 1537-2731 (electronic)},
  bibdate = {Tue May 31 14:45:43 MDT 2011},
  PMnumber = {231, 234},
  bibsource = {http://www.math.utah.edu/pub/bibnet/authors/t/tukey-john-w.bib; http://www.math.utah.edu/pub/tex/bib/amstat.bib},
  fjournal = {The American Statistician}
}

@ARTICLE{Rousseeuw:1999:BBB,
  authorlist = {[{u'middle': u'J.', u'last': u'Rousseeuw', u'first': u'Peter'}, {u'last': u'Ruts', u'first': u'Ida'}, {u'middle': u'W.', u'last': u'Tukey', u'first': u'John'}]},
  author = {Peter J. Rousseeuw and Ida Ruts and John W. Tukey},
  acknowledgement = {Nelson H. F. Beebe, University of Utah, Department of Mathematics, 110 LCB, 155 S 1400 E RM 233, Salt Lake City, UT 84112-0090, USA, Tel: +1 801 581 5254, FAX: +1 801 581 4148, e-mail: \path|beebe@math.utah.edu|, \path|beebe@acm.org|, \path|beebe@computer.org| (Internet), URL: \path|http://www.math.utah.edu/~beebe/|},
  journal = {The American Statistician},
  number = {4},
  month = {11},
  volume = {53},
  year = {1999},
  pages = {382--??},
  CODEN = {ASTAAJ},
  title = {The Bagplot: {A} Bivariate Boxplot},
  ISSN-L = {0003-1305},
  ISSN = {0003-1305 (print), 1537-2731 (electronic)},
  bibdate = {Thu Oct 19 10:18:22 MDT 2000},
  bibsource = {http://www.amstat.org/publications/tas/toc_99.html; http://www.math.utah.edu/pub/tex/bib/amstat.bib},
  fjournal = {The American Statistician}
}

@ARTICLE{Almond:2000:DCG,
  authorlist = {[{u'middle': u'G.', u'last': u'Almond', u'first': u'Russell'}, {u'last': u'Lewis', u'first': u'Charles'}, {u'middle': u'W.', u'last': u'Tukey', u'first': u'John'}, {u'last': u'Yan', u'first': u'Duanli'}]},
  author = {Russell G. Almond and Charles Lewis and John W. Tukey and Duanli Yan},
  acknowledgement = {Nelson H. F. Beebe, University of Utah, Department of Mathematics, 110 LCB, 155 S 1400 E RM 233, Salt Lake City, UT 84112-0090, USA, Tel: +1 801 581 5254, FAX: +1 801 581 4148, e-mail: \path|beebe@math.utah.edu|, \path|beebe@acm.org|, \path|beebe@computer.org| (Internet), URL: \path|http://www.math.utah.edu/~beebe/|},
  URL = {http://www.amstat.org/publications/tas/Almond.htm},
  journal = {The American Statistician},
  number = {2},
  month = {5},
  volume = {54},
  year = {2000},
  pages = {89--??},
  CODEN = {ASTAAJ},
  title = {Displays for Comparing a Given State to Many Others},
  ISSN-L = {0003-1305},
  ISSN = {0003-1305 (print), 1537-2731 (electronic)},
  bibdate = {Fri Jul 20 11:18:01 MDT 2001},
  bibsource = {http://www.amstat.org/publications/tas/; http://www.math.utah.edu/pub/tex/bib/amstat.bib},
  fjournal = {The American Statistician}
}

@ARTICLE{Tukey:1980:WNB,
  authorlist = {[{u'middle': u'W.', u'last': u'Tukey', u'first': u'John'}]},
  author = {John W. Tukey},
  acknowledgement = {Nelson H. F. Beebe, University of Utah, Department of Mathematics, 110 LCB, 155 S 1400 E RM 233, Salt Lake City, UT 84112-0090, USA, Tel: +1 801 581 5254, FAX: +1 801 581 4148, e-mail: \path|beebe@math.utah.edu|, \path|beebe@acm.org|, \path|beebe@computer.org| (Internet), URL: \path|http://www.math.utah.edu/~beebe/|},
  journal = {The American Statistician},
  number = {??},
  month = {????},
  volume = {34},
  ASnumber = {131},
  year = {1980},
  pages = {23--25},
  CODEN = {ASTAAJ},
  title = {We need both exploratory and confirmatory},
  ISSN-L = {0003-1305},
  ISSN = {0003-1305 (print), 1537-2731 (electronic)},
  bibdate = {Tue May 31 14:45:43 MDT 2011},
  PMnumber = {257},
  bibsource = {http://www.math.utah.edu/pub/bibnet/authors/t/tukey-john-w.bib; http://www.math.utah.edu/pub/tex/bib/amstat.bib},
  fjournal = {The American Statistician}
}

@ARTICLE{Tukey:1947:QIO,
  authorlist = {[{u'middle': u'W.', u'last': u'Tukey', u'first': u'John'}]},
  author = {John W. Tukey},
  acknowledgement = {Nelson H. F. Beebe, University of Utah, Department of Mathematics, 110 LCB, 155 S 1400 E RM 233, Salt Lake City, UT 84112-0090, USA, Tel: +1 801 581 5254, FAX: +1 801 581 4148, e-mail: \path|beebe@math.utah.edu|, \path|beebe@acm.org|, \path|beebe@computer.org| (Internet), URL: \path|http://www.math.utah.edu/~beebe/|},
  journal = {The American Statistician},
  number = {3},
  month = {????},
  volume = {1},
  ASnumber = {17},
  year = {1947},
  pages = {17--18},
  CODEN = {ASTAAJ},
  title = {Question 4: Infinite observations},
  ISSN-L = {0003-1305},
  ISSN = {0003-1305 (print), 1537-2731 (electronic)},
  bibdate = {Tue May 31 14:45:43 MDT 2011},
  PMnumber = {17},
  bibsource = {http://www.math.utah.edu/pub/bibnet/authors/t/tukey-john-w.bib; http://www.math.utah.edu/pub/tex/bib/amstat.bib},
  fjournal = {The American Statistician}
}

@ARTICLE{Rathbun:1972:RPC,
  authorlist = {[{u'middle': u'B.', u'last': u'Rathbun', u'first': u'Daniel'}, {u'middle': u'Allen', u'last': u'Wallis', u'first': u'W.'}, {u'last': u'Mosteller', u'first': u'Frederick'}, {u'middle': u'J.', u'last': u'Coale', u'first': u'Ansley'}, {u'middle': u'M.', u'last': u'Densen', u'first': u'Paul'}, {u'last': u'Fabricant', u'first': u'Solomon'}, {u'middle': u'D.', u'last': u'Fisher', u'first': u'Robert'}, {u'middle': u'Braddock', u'last': u'Hickman', u'first': u'W.'}, {u'last': u'Kruskal', u'first': u'William'}, {u'last': u'Lebergott', u'first': u'Stanley'}, {u'middle': u'M.', u'last': u'Scammon', u'first': u'Richard'}, {u'middle': u'H.', u'last': u'Shaw', u'first': u'William'}, {u'middle': u'D.', u'last': u'Stella', u'first': u'Frank'}, {u'middle': u'A.', u'last': u'Suffridge', u'first': u'James'}, {u'middle': u'W.', u'last': u'Tukey', u'first': u'John'}]},
  author = {Daniel B. Rathbun and W. Allen Wallis and Frederick Mosteller and Ansley J. Coale and Paul M. Densen and Solomon Fabricant and Robert D. Fisher and W. Braddock Hickman and William Kruskal and Stanley Lebergott and Richard M. Scammon and William H. Shaw and Frank D. Stella and James A. Suffridge and John W. Tukey},
  acknowledgement = {Nelson H. F. Beebe, University of Utah, Department of Mathematics, 110 LCB, 155 S 1400 E RM 233, Salt Lake City, UT 84112-0090, USA, Tel: +1 801 581 5254, FAX: +1 801 581 4148, e-mail: \path|beebe@math.utah.edu|, \path|beebe@acm.org|, \path|beebe@computer.org| (Internet), URL: \path|http://www.math.utah.edu/~beebe/|},
  URL = {http://www.jstor.org/stable/2682840},
  journal = {The American Statistician},
  number = {1},
  month = {2},
  volume = {26},
  year = {1972},
  pages = {15--18},
  CODEN = {ASTAAJ},
  title = {The Report of the {President's Commission on Federal Statistics}},
  ISSN-L = {0003-1305},
  ISSN = {0003-1305 (print), 1537-2731 (electronic)},
  bibdate = {Tue May 31 10:58:18 2011},
  PMnumber = {none},
  bibsource = {http://www.math.utah.edu/pub/bibnet/authors/t/tukey-john-w.bib; http://www.math.utah.edu/pub/tex/bib/amstat.bib; JSTOR database},
  fjournal = {The American Statistician}
}

@ARTICLE{Tukey:1949:MSFb,
  authorlist = {[{u'middle': u'W.', u'last': u'Tukey', u'first': u'John'}]},
  author = {John W. Tukey},
  acknowledgement = {Nelson H. F. Beebe, University of Utah, Department of Mathematics, 110 LCB, 155 S 1400 E RM 233, Salt Lake City, UT 84112-0090, USA, Tel: +1 801 581 5254, FAX: +1 801 581 4148, e-mail: \path|beebe@math.utah.edu|, \path|beebe@acm.org|, \path|beebe@computer.org| (Internet), URL: \path|http://www.math.utah.edu/~beebe/|},
  journal = {The American Statistician},
  number = {2},
  month = {????},
  volume = {3},
  ASnumber = {23},
  year = {1949},
  pages = {12--16},
  CODEN = {ASTAAJ},
  title = {Memorandum on statistics in the {Federal Government}, {Part II}},
  ISSN-L = {0003-1305},
  ISSN = {0003-1305 (print), 1537-2731 (electronic)},
  bibdate = {Tue May 31 14:45:43 MDT 2011},
  PMnumber = {33},
  bibsource = {http://www.math.utah.edu/pub/bibnet/authors/t/tukey-john-w.bib; http://www.math.utah.edu/pub/tex/bib/amstat.bib},
  fjournal = {The American Statistician}
}

@ARTICLE{Tukey:1949:AQM,
  authorlist = {[{u'middle': u'W.', u'last': u'Tukey', u'first': u'John'}]},
  author = {John W. Tukey},
  acknowledgement = {Nelson H. F. Beebe, University of Utah, Department of Mathematics, 110 LCB, 155 S 1400 E RM 233, Salt Lake City, UT 84112-0090, USA, Tel: +1 801 581 5254, FAX: +1 801 581 4148, e-mail: \path|beebe@math.utah.edu|, \path|beebe@acm.org|, \path|beebe@computer.org| (Internet), URL: \path|http://www.math.utah.edu/~beebe/|},
  journal = {The American Statistician},
  number = {4},
  month = {????},
  volume = {3},
  ASnumber = {33},
  year = {1949},
  pages = {12--12},
  CODEN = {ASTAAJ},
  remark = {McCullagh bibliography duplicates this entry.},
  title = {Answer to question 21: Maximum likelihood estimates, efficiency},
  ISSN-L = {0003-1305},
  ISSN = {0003-1305 (print), 1537-2731 (electronic)},
  bibdate = {Tue May 31 14:45:43 MDT 2011},
  PMnumber = {34, 47},
  bibsource = {http://www.math.utah.edu/pub/bibnet/authors/t/tukey-john-w.bib; http://www.math.utah.edu/pub/tex/bib/amstat.bib},
  fjournal = {The American Statistician}
}

@ARTICLE{Tukey:1985:CMI,
  authorlist = {[{u'middle': u'W.', u'last': u'Tukey', u'first': u'John'}]},
  author = {John W. Tukey},
  acknowledgement = {Nelson H. F. Beebe, University of Utah, Department of Mathematics, 110 LCB, 155 S 1400 E RM 233, Salt Lake City, UT 84112-0090, USA, Tel: +1 801 581 5254, FAX: +1 801 581 4148, e-mail: \path|beebe@math.utah.edu|, \path|beebe@acm.org|, \path|beebe@computer.org| (Internet), URL: \path|http://www.math.utah.edu/~beebe/|},
  journal = {The American Statistician},
  number = {??},
  month = {????},
  volume = {39},
  year = {1985},
  pages = {12--14},
  CODEN = {ASTAAJ},
  title = {Comments on {{\em More intelligent statistical software and statistical expert systems: Future directions}}},
  ISSN-L = {0003-1305},
  ISSN = {0003-1305 (print), 1537-2731 (electronic)},
  bibdate = {Sun Jun 05 14:53:27 2011},
  PMnumber = {285},
  bibsource = {http://www.math.utah.edu/pub/bibnet/authors/t/tukey-john-w.bib; http://www.math.utah.edu/pub/tex/bib/amstat.bib},
  fjournal = {The American Statistician}
}

@ARTICLE{Goodall:1998:CUR,
  authorlist = {[{u'middle': u'R.', u'last': u'Goodall', u'first': u'Colin'}, {u'last': u'Kafadar', u'first': u'Karen'}, {u'middle': u'W.', u'last': u'Tukey', u'first': u'John'}]},
  author = {Colin R. Goodall and Karen Kafadar and John W. Tukey},
  acknowledgement = {Nelson H. F. Beebe, University of Utah, Department of Mathematics, 110 LCB, 155 S 1400 E RM 233, Salt Lake City, UT 84112-0090, USA, Tel: +1 801 581 5254, FAX: +1 801 581 4148, e-mail: \path|beebe@math.utah.edu|, \path|beebe@acm.org|, \path|beebe@computer.org| (Internet), URL: \path|http://www.math.utah.edu/~beebe/|},
  URL = {http://www.amstat.org/publications/tas/abstracts_98/goodall.html; http://www.jstor.org/stable/2685467},
  journal = {The American Statistician},
  number = {2},
  month = {5},
  volume = {52},
  ASnumber = {162},
  year = {1998},
  pages = {101--111},
  CODEN = {ASTAAJ},
  title = {Computing and Using Rural versus Urban Measures in Statistical Applications},
  ISSN-L = {0003-1305},
  ISSN = {0003-1305 (print), 1537-2731 (electronic)},
  bibdate = {Thu Oct 19 10:18:19 MDT 2000},
  PMnumber = {423},
  bibsource = {http://www.amstat.org/publications/tas/toc_98.html; http://www.math.utah.edu/pub/tex/bib/amstat.bib},
  fjournal = {The American Statistician}
}

@INPROCEEDINGS{Karger:Scatter,
  ps = {http://people.csail.mit.edu/karger/Papers/SIGIR92.ps},
  doi = {http://doi.acm.org/10.1145/133160.133214},
  isbn = {0-89791-523-2},
  title = {Scatter/Gather: A Cluster-based Approach to Browsing Large Document Collections},
  booktitle = {Proceedings of the  {$15^{th}$} Annual International {ACM} {SIGIR} Conference on Research and Development in Information Retrieval},
  author = {Douglas Cutting and David R. Karger and Jan Pedersen and John W. Tukey},
  venue = {SIGIR},
  abstract = {Document clustering has not been well received as an information retrieval tool. Objections to its use fall into two main categories: first, that clustering is too slow for large corpora (with running time often quadratic in the number of documents); and second, that clustering does not appreciably improve retrieval. We argue that these problems arise only when clustering is used in an attempt to improve conventional search techniques. However, looking at clustering as an information access tool in its own right obviates these objections, and provides a powerful new access paradigm. We present a document browsing technique that employs document clustering as its primary operation. We also present fast (linear time) clustering algorithms which support this interactive browsing paradigm.},
  month = {6},
  pages = {318-329},
  authorlist = {[{u'last': u'Cutting', u'first': u'Douglas'}, {u'middle': u'R.', u'last': u'Karger', u'first': u'David'}, {u'last': u'Pedersen', u'first': u'Jan'}, {u'middle': u'W.', u'last': u'Tukey', u'first': u'John'}]},
  location = {Copenhagen, Denmark},
  year = {1992},
  publisher = {ACM Press},
  cat = {Information Retrieval}
}

