% BibTeX Database for George K. Thiruvathukal


@inproceedings{icpp-mpi-atomicity,
Author = {Wei-keng Liao and Alok Choudhary and Kenin Coloma and George K. Thiruvathukal and Lee Ward and Eric Russell and Neil Pundit},
Booktitle = {International Conference on Parallel Processing},
Date-Added = {2005-08-06 19:13:38 -0500},
Date-Modified = {2005-08-06 19:15:25 -0500},
Title = {{Scalable Implementations of MPI Atomicity for Concurrent Overlapping I/O}},
Year = {2003}}

@article{cise-sciprog-xml,
Author = {George K. Thiruvathukal and Konstantin L{\"a}ufer},
Date-Added = {2005-08-06 19:06:26 -0500},
Date-Modified = {2005-08-06 19:07:56 -0500},
Journal = {Computing in Science and Engineering},
Month = {March/April},
Number = {2},
Pages = {86-92},
Title = {{Natural XML for Data Binding, Processing, and Persistence}},
Volume = {6},
Year = {2004}}

@article{cise-sciprog-plone,
Author = {George K. Thiruvathukal and Konstantin L{\"a}ufer},
Date-Added = {2005-08-06 19:03:55 -0500},
Date-Modified = {2005-08-06 19:04:53 -0500},
Journal = {Computing in Science and Engineering},
Month = {July/August},
Number = {4},
Pages = {88-95},
Title = {{Plone and Content Management}},
Volume = {6},
Year = {2004}}

@article{cise-cluster-special,
Author = {George K. Thiruvathukal},
Date-Added = {2005-08-06 18:58:19 -0500},
Date-Modified = {2005-08-06 18:59:31 -0500},
Journal = {Computing in Science and Engineering},
Month = {March/April},
Number = {2},
Pages = {11-13},
Title = {{Guest Editor's Introduction: Cluster Computing}},
Volume = {7},
Year = {2005}}

@article{cise-sciprog-gentoo,
Author = {George K. Thiruvathukal},
Date-Added = {2005-08-06 18:30:50 -0500},
Date-Modified = {2005-08-06 18:36:19 -0500},
Journal = {Computing in Science and Engineering},
Month = {September/October},
Number = {5},
Pages = {66-74},
Title = {{Gentoo Linux: The Next Generation of Linux}},
Volume = {6},
Year = {2004}}

@inproceedings{lucid-ipps,
Author = {G. K. Thiruvathukal and T. W. Christopher},
Booktitle = {IEEE International Parallel Processing Symposium},
Title = {{A Simulation of Demand-Driven Dataflow: Translation of Lucid into MDC Language}},
Year = {1991}}

@manual{SunJDCInterview,
Address = {http://developer.java.sun.com/developer/community/chat/JavaLive/index.html},
Author = {George K. Thiruvathukal and Thomas W. Christopher},
Date-Modified = {2005-08-08 17:20:21 -0500},
Organization = {Sun Developer Connection},
Title = {{Threading and Concurrency in the Java Platform}}}

@book{hpjpc-book,
Address = {Upper Saddle Ridge, NJ},
Author = {Thomas W. Christopher and George K. Thiruvathukal},
Publisher = {Prentice Hall PTR},
Title = {High Performance Java Platform Computing},
Year = {2000}}

@book{wpp-book,
Address = {Upper Saddle Ridge, NJ},
Author = {George K. Thiruvathukal and John P. Shafaee and Thomas W. Christopher},
Publisher = {Prentice Hall PTR},
Title = {Web Programming in Python: Techniques for Integrating Linux, Apache Web Server, and MySQL},
Year = {2001}}

@inproceedings{cn-ics,
Author = {George K. Thiruvathukal and Brian Cameron and Luiz Oliveira and John Shafaee},
Booktitle = {International Conference on Supercomputing (ICS), Workshop on Java},
Date-Modified = {2005-08-08 17:21:28 -0500},
Title = {{Invited Talk: The Computational Neighborhood}},
Year = {1999}}

@inproceedings{mdms-hpcasia,
Author = {X. Shen and G. K. Thiruvathukal and W. Liao and A. Choudhary and A. Singh},
Booktitle = {High Performance Computing Asia},
Title = {{A Java Graphical User Interface for Large-Scale Scientific Computations in Distributed Systems}},
Year = {2000}}

@inproceedings{mdms-ics,
Author = {X. Shen and W. Liao and A. Choudhary and G. Memik and M. Kandemir and S. More and G. Thiruvathukal and A. Singh},
Booktitle = {International Conference on Supercomputing (ICS)},
Title = {{A Novel Application Development Environment for Large-Scale Scientific Computations}},
Year = {1999}}

@article{javanow-cpe,
Author = {George K. Thiruvathukal and Phil M. Dickens and Shahzad Bhatti},
Date-Modified = {2005-08-08 17:26:42 -0500},
Journal = {Concurrency: Practice and Experience},
Month = {November},
Number = {13},
Pages = {1093-1116},
Title = {{Java on Networks of Workstations (JavaNOW): A Parallel Computing Framework Inspired by Linda and the Message Passing Interface}},
Volume = {12},
Year = {2000}}

@inproceedings{gmf-icast,
Author = {William T. O'Connell and George K. Thiruvathukal and Thomas W. Christopher},
Booktitle = {International Conference on Advance Science and Technology 1994 (ICAST 1994), AT\&T Bell Laboratories},
Date-Modified = {2005-08-08 17:23:26 -0500},
Title = {{A Generic Modeling Framework for Heterogeneous Parallel and Distributed Computing}},
Year = {1994}}

@inproceedings{memo-icpp,
Author = {William T. O'Connell and George K. Thiruvathukal and Thomas W. Christopher},
Booktitle = {International Conference on Parallel Processing},
Date-Modified = {2005-08-08 17:25:17 -0500},
Title = {{Memo: An Environment to Support Heterogeneous Parallel and Distributed Processing}},
Year = {1994}}

@inproceedings{dmemo-ismm-iasted,
Author = {William T. O'Connell and George K. Thiruvathukal and Thomas W. Christopher},
Booktitle = {Sixth ISMM/IASTED Conference on Parallel and Distributed Computing Systems},
Date-Modified = {2005-08-08 17:25:31 -0500},
Title = {{Distributed Memo: Heterogeneously Distributed Directories of Unordered Queues}},
Year = {1994}}

@inproceedings{enhanced-actors-hipc,
Author = {George K. Thiruvathukal},
Booktitle = {First International Workshop on Parallel Processing (now HiPC India)},
Date-Modified = {2005-08-08 17:17:11 -0500},
Title = {{Toward Scalable Parallel Software: An Active Object Model and Library for Parallel Processing}},
Year = {1994}}

@inproceedings{dmemo-ijmm-journal,
Author = {William T. O'Connell and George K. Thiruvathukal and Thomas W. Christopher},
Booktitle = {International Journal of Mini and Microcomputers},
Date-Modified = {2005-08-08 17:25:47 -0500},
Title = {{Distributed Memo: Heterogeneously Distributed Directories of Unordered Queues}},
Year = {1997}}

@article{nexus-java-cpe,
Author = {Ian T. Foster and George K. Thiruvathukal and Steve Tuecke},
Date-Modified = {2005-08-08 17:21:51 -0500},
Journal = {Concurrency: Practice and Experience},
Month = {June},
Title = {{Technologies for Ubiquitous Supercomputing: A Java Interface to the Nexus Communication system}},
Year = {1997}}

@article{nexus-mpi-jpdc,
Author = {Ian T. Foster and Jonathan Geisler and William Gropp and Nick Karonis and Ewing Lusk and George K. Thiruvathukal and Steve Tuecke},
Date-Modified = {2005-08-08 17:27:49 -0500},
Journal = {Parallel Computing},
Number = {12},
Pages = {1735-1749},
Title = {{A Wide-Area Implementation of the Message Passing Interface}},
Volume = {24},
Year = {1998}}

@inproceedings{rrmi-java-grande,
Author = {George K. Thiruvathukal and Lovely S. Thomas and Andy T. Korczynski},
Booktitle = {ACM Java Grande},
Date-Modified = {2005-08-08 17:28:28 -0500},
Month = {February},
Title = {{Reflective Remote Method Invocation}},
Year = {1998}}

@article{rrmi-cpe,
Author = {George K. Thiruvathukal and Lovely S. Thomas and Andy T. Korczynski},
Booktitle = {ACM Java Grande},
Date-Modified = {2005-08-08 17:28:15 -0500},
Journal = {Concurrency: Practice and Experience},
Month = {???},
Title = {{Reflective Remote Method Invocation}},
Year = {1998}}

@article{globus-telemedicine,
Author = {I.T. Foster and G. Laszewski and G. K. Thiruvathukal and B. Toonen},
Editor = {A. Marsh},
Journal = {Future Generation Computer Systems},
Pages = {109-123},
Publisher = {Elsevier Press},
Title = {{Computational Framework for Telemedicine}},
Volume = {14},
Year = {1998}}

@article{cise-sciprog-java,
Author = {George K. Thiruvathukal},
Date-Modified = {2005-08-06 19:29:40 -0500},
Journal = {IEEE Computing in Science and Engineering},
Month = {January},
Title = {{The Middle Ages: Enabling Java for Computational Science}},
Year = {2002}}

@manual{jgf-report,
Address = {http://www.javagrande.org},
Title = {Java Grande Forum Report: Making Java Work for High-End Computing}}

@manual{apt-toolkit,
Address = {http://www.sourceforge.net/projects/apt},
Author = {George K. Thiruvathukal and Ufuk Verun and Russ Fuja and Terrance Curry},
Date-Modified = {2005-08-08 17:22:58 -0500},
Title = {Apt Compiler Toolkit}}

@article{cise-sciprog-xmlcs,
Author = {George K. Thiruvathukal},
Date-Modified = {2005-08-06 19:11:28 -0500},
Journal = {Computing in Science and Engineering},
Month = {January/February},
Number = {1},
Pages = {74-80},
Title = {{XML in Computational Science}},
Volume = {6},
Year = {2004}}

@inproceedings{now,
Author = {T. E. Anderson and D. E. Culler and D. A. Patterson},
Booktitle = {IEEE Micro},
Month = {February},
Title = {A case for NOW},
Year = {1995}}

@inproceedings{web-computing,
Author = {Z. Chen and K. Maly and P. Mehrotra and R. K. Vangala and M. Zubair},
Booktitle = {ACM Workshop on Java for Science and Engineering Computation},
Month = {June},
Title = {Web Based Framework for Distributed Computing},
Year = {1997}}

@manual{javaspaces-spec,
Address = {http://java.sun.com/products/javaspaces},
Title = {JavaSpaces Specification}}

@manual{jini-spec,
Address = {http://java.sun.com/jini},
Title = {Jini Specification}}

@manual{omg,
Address = {http://www.omg.org},
Title = {Object Management Group}}

@manual{java-rmi-spec,
Address = {http://www.sun.com/rmi?},
Title = {Java Distributed Systems Home Page}}

@manual{microsoft-msdn,
Address = {http://msdn.microsoft.com},
Title = {Microsoft Developer Network Online Documentation}}

@book{mpi2,
Address = {Cambridge, MA},
Author = {W. Gropp and E. Lusk and R. Thakur},
Publisher = {The MIT Press},
Title = {Using MPI-2: Advanced Features of the Message-Passing Interface},
Year = {1999}}

@book{ldap,
Address = {Indianapolis, IN},
Author = {T. Howes and M. Smith},
Publisher = {Macmillan},
Title = {LDAP: Programming Directory-Enabled Applications with Lightweight Directory Access Protocol},
Year = {1997}}

@book{java-nutshell,
Address = {Sebastopol, CA},
Author = {D. Flanagan},
Publisher = {O'Reilly and Associates},
Title = {Java in a Nutshell},
Year = {1997}}

@book{java-enterprise-nutshell,
Address = {Sebastopol, CA},
Author = {D. Flanagan and J. Farley and W. Crawford and K. Magnusson},
Publisher = {O'Reilly and Associates},
Title = {Java Enterprise In a Nutshell},
Year = {1999}}

@inproceedings{mpio,
Author = {P. Corbett and D. Fietelson and S. Fineberg and Y. Hsu and B. Nitzberg and J. Prost and M. Snir and B. Traversat and P. Wong},
Booktitle = {Third Workshop on I/O in Parallel and Distributed Systems, International Parallel Processing Symposium},
Month = {April},
Title = {Overview of the MPI-IO Parallel I/O Interface},
Year = {1995}}

@inproceedings{april,
Author = {G. Memik and M. Kandemir and A. Choudhary},
Booktitle = {NASA Goddard Conference on Mass Storage Systems and Technologies to be held with IEEE Symposium on Mass Storage Systems},
Month = {March},
Title = {APRIL: A Run-Time Library for Tape Resident Data},
Year = {2000}}

@inproceedings{shen_icpp,
Author = {X. Shen and A. Choudhary},
Booktitle = {submitted to International Conference on Parallel Processing},
Title = {I/O Optimization and Evaluation for Tertiary Storage Systems},
Year = {2000}}

@inproceedings{ics00,
Author = {X. Shen and W. Liao and A. Choudhary and G. Memik and M. Kandemir and S. More and G. Thiruvathukal and A. Singh},
Booktitle = {International Conference on Supercomputing},
Month = {May},
Title = {A Novel Application Development Environment for Large-Scale Scientific Computations},
Year = {2000}}

@manual{mdms_home,
Address = {http://www.ece.northwestern.edu/~wkliao/MDMS},
Title = {MDMS Project Home Page}}

@manual{unicore,
Address = {http://www.fz-juelich.de/unicore},
Title = {UNICORE Project Page}}

@manual{condor,
Address = {http://www.cs.wisc.edu/condor/},
Title = {Condor Project}}

@manual{java-beans,
Address = {http://www.javasoft.com/beans},
Title = {Java Beans}}

@manual{java-ejb,
Address = {http://www.javasoft.com/j2ee},
Title = {Enterprise Java Beans}}

@manual{linda-tutorial,
Address = {http://www.sca.com?},
Title = {The Linda Tutorial}}

@manual{jdbc,
Address = {http://java.sun.com/products/jdbc},
Title = {JDBC Home Page}}

@manual{mysql,
Address = {http://www.mysql.com},
Title = {MySQL Database Home Page}}

@manual{astro3d,
Address = {http://astro.uchicago.edu/Computing/On\_Line/cfd95/camelse.html},
Author = {A. Malagoli and A. Dubey and F. Cattaneo},
Title = {A Portable and Efficient Parallel Code for Astrophysical Fluid Dynamics}}

@manual{piofs,
Address = {http://www.rs6000.ibm.com/software/sp\_products/piofs.html},
Organization = {IBM},
Title = {RS/6000 SP Software: Parallel I/O File System},
Year = {1996}}

@manual{hdf,
Address = {http://hdf.ncsa.uiuc.edu/},
Title = {Hierarchical Data Format (HDF)}}

@manual{netcdf,
Address = {http://www.unidata.ucar.edu/packages/netcdf/},
Title = {Network Common Data Form (netCDF)}}

@manual{xml,
Address = {http://www.w3.org/XML/},
Organization = {World Wide Web Consortium (W3C)},
Title = {Extensible Markup Language (XML)}}

@manual{mpi,
Address = {http://www.mpi-forum.org/},
Title = {Message Passing Interface (MPI)}}

@manual{WebCITEP,
Address = {http://content.cs.luc.edu/citep},
Author = {Linda Salchenberger and Chandra N. Sekharan and George K. Thiruvathukal},
Title = {Community Information Technology Enterprise Project}}

@manual{WebCPDC,
Address = {http://content.cs.luc.edu/cpdc},
Author = {George K. Thiruvathukal and Konstantin L{\"a}ufer},
Title = {Loyola Concurrent, Parallel, and Distributed Computing Research Group}}

@manual{WebWirelessLab,
Address = {http://cluster.cs.luc.edu/~wirelesslab},
Author = {Konstantin L{\"a}ufer and George K. Thiruvathukal},
Title = {Handheld/Wireless Language Teaching Tools}}

@article{jones,
Author = {M. Jones and C. Berkley and J. Bojilova and M. Schildhauer},
Journal = {IEEE Internet Computing},
Month = {Sep. Oct.},
Pages = {59-68},
Title = {Managing Scientific Metadata},
Year = {2001}}

@article{bourret,
Address = {http://www.rpbourret.com/xml/XMLAndDatabases.htm},
Author = {R. Bourret},
Journal = {Technical report, Technical University, Darmstadt},
Title = {XML and Databases},
Year = {2000}}

@article{bertino,
Author = {E. Bertino and B. Catania},
Journal = {IEEE Internet Computing},
Month = {Jul. Aug.},
Pages = {84-88},
Title = {Integrating XML and Databases},
Year = {2001}}

@techreport{nimkathana-data-mining,
Author = {Alok N. Choudhary and George K. Thiruvathukal},
Date-Added = {2005-08-06 19:40:30 -0500},
Date-Modified = {2005-08-06 19:41:23 -0500},
Institution = {Nimkathana Corproation},
Title = {{Cluster Based Repositories and Analysis}},
Year = {2003}}

@techreport{nimkathana-humint,
Author = {George K. Thiruvathukal},
Date-Added = {2005-08-06 19:40:30 -0500},
Date-Modified = {2005-08-`06 19:41:23 -0500},
Institution = {Nimkathana Corproation},
Title = {{Ad Hoc Human Interaction Networks}},
Year = {2004}}