%%%%%%%%%%%%%%%%%%%%%%%%%%%%%%%%%%%%%%%%%%%%%%%%%%%%%%%%%%%%%%%%%%%%%%%%%%%%%,
%                                                                           %,
%  Please keep citations ordered alphabetically by tag to avoid duplicates  %,
%                                                                           %,
%%%%%%%%%%%%%%%%%%%%%%%%%%%%%%%%%%%%%%%%%%%%%%%%%%%%%%%%%%%%%%%%%%%%%%%%%%%%%,

@article{geweke2004getting,
  title={Getting it right: Joint distribution tests of posterior simulators},
  author={Geweke, John},
  journal={Journal of the American Statistical Association},
  volume={99},
  number={467},
  pages={799--804},
  year={2004},
  publisher={Taylor \& Francis},
  pdf={http://qed.econ.queensu.ca/pub/faculty/ferrall/quant/papers/04_04_29_geweke.pdf},
}

@misc{jordan2001more,
  Author = {Michael I. Jordan},
  Institution = {University of California, Berkeley},
  Howpublished = {University Lecture},
  Year = {2001},
  Title = {More on Marginal Likelihoods},
  url={http://www.cs.berkeley.edu/~jordan/courses/281B-spring01/lectures/marginal.ps},
}

@article{cook2009notes,
  title={Notes on the negative binomial distribution},
  author={Cook, John D},
  journal={Unknow, October},
  volume={28},
  pages={2009},
  year={2009},
  pdf={http://www.johndcook.com/negative_binomial.pdf},
}

@article{murphy2007conjugate,
  title={Conjugate Bayesian analysis of the Gaussian distribution},
  author={Murphy, Kevin P},
  journal={def},
  volume={1},
  number={2$\sigma$2},
  pages={16},
  year={2007},
  pdf={http://www-devel.cs.ubc.ca/~murphyk/Papers/bayesGauss.pdf},
}

@article{neal2000markov,
  title={Markov chain sampling methods for Dirichlet process mixture models},
  author={Neal, Radford M},
  journal={Journal of computational and graphical statistics},
  volume={9},
  number={2},
  pages={249--265},
  year={2000},
  publisher={Taylor \& Francis Group},
  pdf={http://www.stat.purdue.edu/~rdutta/24.PDF},
}

@article{teh2006hierarchical,
    title={Hierarchicle Dirichlet Processes},
    author={Teh, Yee Whye and Jordan, Michael I and Beal, Matthew J and Blei, David M},
    journal={JASA},
    volume={101},
    number={476},
    pages={1566--1581},
    year={2006},
    pdf={http://www.cs.berkeley.edu/~jordan/papers/hierarchical-dp.pdf},
}

@inproceedings{wallach2009rethinking,
  title={Rethinking LDA: Why Priors Matter.},
  author={Wallach, Hanna M and Mimno, David M and McCallum, Andrew},
  booktitle={NIPS},
  volume={22},
  pages={1973--1981},
  year={2009},
  pdf={http://papers.nips.cc/paper/3854-rethinking-lda-why-priors-matter.pdf},
}
