@InProceedings{2011:BabikerIPv6,
  author =       {H. Babiker and I. Nikolova and K. Chittimaneni},
  title =        {Deploying IPv6 in the Google Enterprise Network.  Lessons learned.},
  booktitle = {USENIX LISA 2011},
  year =         2011,
  note = {\url{http://static.usenix.org/events/lisa11/tech/full_papers/Babiker.pdf}} }
